3188 4758
753 250 963 310 ...54-

289 441 356 520 157,
374 439 412 500 15
435 431 542 499 πόνου
564 431 636 518 (pro
664 429 799 519 φόνον),
831 434 956 511 169,13
984 432 1033 516 τῷ
1055 430 1234 519 Πελοπίδᾳ
1255 429 1326 517 (pro
1348 437 1439 498 Πει-

284 549 374 626 ραιεῖ
395 538 434 604 cf.
456 557 486 604 v.
512 536 562 621 6);
593 539 662 618 181,
677 539 717 599 20
743 531 949 622 χρησάμενος
970 538 1045 609 (non
1067 532 1102 616 0,
1125 554 1183 617 pro
1208 532 1440 619 χρισάμενος),

284 647 317 710 et
337 639 492 726 imprimis
506 639 531 721 1,
550 642 619 721 127,
636 642 686 720 30,
710 636 751 702 de
773 655 836 718 quo
857 654 961 720 pauca
982 635 1082 701 verba
1103 637 1209 704 facere
1231 637 1341 704 liceat:
1365 639 1438 704 vul-

284 750 393 828 garam
408 742 577 810 lectionem
600 731 744 823 ἀόρατον
760 736 865 803 δὲκαὶ
881 729 1045 822 ἀκήρατον
1066 739 1123 803 καὶ
1145 734 1267 825 νοητὸν
1284 733 1438 822 ὑπελάμ-

284 851 384 930 βανεν
414 839 501 910 εἶναι
528 839 566 907 τὸ
596 843 732 926 πρῶτον
761 845 984 908 converterunt
1011 839 1057 925 Sg
1077 839 1134 907 AG
1163 841 1196 906 lu
1226 831 1370 924 οἰόρατον
1399 841 1439 906 δὲ

285 941 518 1015 subducturus
547 939 681 1031 νοητὸν,
711 961 775 1024 qus
801 944 834 1009 in
857 942 994 1010 lectione
1029 941 1164 1027 primum
1193 942 1327 1011 offendit
1348 945 1438 1010 notio

286 1073 318 1116 v.
342 1043 507 1130 ἅκιισιον,
530 1044 616 1128 quod
637 1045 794 1112 absonum
816 1050 881 1127 est,
910 1045 1061 1126 quoniam
1084 1050 1190 1111 cetera
1212 1044 1372 1113 adiectiva
1393 1047 1438 1113 ad

286 1171 435 1220 sensuum
457 1147 564 1216 officia
584 1147 759 1232 pertincut;
787 1145 903 1214 deinde
925 1165 1001 1212 vcro
1024 1145 1138 1212 mirum
1160 1146 1246 1230 quod
1268 1167 1300 1213 v.
1324 1141 1438 1214 ducto-

285 1278 342 1331 τος
358 1254 552 1320 Graecorum
574 1249 780 1334 scriptoribus
798 1248 895 1334 plane
908 1248 1051 1332 ignotum
1073 1255 1152 1332 erat,
1174 1268 1279 1332 neque
1301 1269 1439 1332 usquam

285 1355 445 1423 iuvenitur
459 1353 521 1420 nisi
542 1353 575 1418 iu
590 1351 875 1420 ecclesiasticorum
891 1349 1042 1434 operibus
1057 1349 1185 1416 infimae
1200 1353 1327 1435 aetatis,
1351 1353 1441 1420 velut

286 1457 373 1544 apud
388 1457 484 1539 Greg.
499 1455 577 1521 Nau.
593 1455 650 1536 ΠΙ,
666 1459 725 1518 411
744 1455 789 1519 A:
819 1450 852 1538 ’ίη
876 1450 977 1539 φύσις
1006 1449 1096 1518 ἐστὶν
1119 1445 1261 1538 ἄμετρον
1284 1447 1440 1520 ἅκτιστσν

287 1555 446 1647 ἅχρονονς
478 1559 596 1624 Athen.
618 1557 643 1640 Ι,
660 1559 721 1621 473
738 1555 777 1622 0:
813 1552 979 1620 ἐκέλευσεν
1007 1549 1095 1640 ἡμᾶς
1122 1553 1353 1638 βαπτίζεσθαι
1382 1553 1441 1622 οὐκ
1567 1629 1568 1644 ,

288 1661 336 1740 εἰς
358 1655 464 1743 ὄνομα
488 1652 642 1726 ἆκτίστοο
664 1660 720 1725 καί
742 1662 941 1740 κτίσματος,
969 1656 1100 1741 Didym.
1123 1658 1165 1722 de
1187 1659 1283 1725 trinit.
1309 1663 1368 1724 785
1397 1661 1440 1726 B:

288 1761 334 1842 ὥς
364 1762 463 1852 φύσει
492 1759 575 1838 θεὸς
605 1756 759 1837 ι’ίκτιστσς
788 1748 834 1824 σ’ίν
862 1760 919 1824 καί
945 1751 1097 1842 ἄναρχος.
1140 1760 1238 1828 Basil.
1254 1763 1306 1846 lv,
1322 1765 1384 1825 249
1400 1761 1440 1829 0:

287 1866 388 1953 μόνος
410 1865 491 1952 (scil.
514 1863 597 1942 θεός
620 1861 725 1948 ἐστιν)
752 1859 832 1928 ὅταν
856 1859 943 1926 ε’ίνιω
972 1858 1032 1948 τὴν
1054 1853 1172 1928 οὐσίαν
1193 1865 1253 1928 τοῦ
1275 1865 1360 1928 θεοῦ
1381 1860 1441 1948 τὴν

289 1971 386 2057 ἁγίαν
416 1969 474 2034 καί
495 1962 653 2070 οἴκτιστον
674 1965 779 2052 δηίιῡ;
810 1970 842 2031 et
863 1963 1004 2049 prolecto
1032 1963 1196 2049 principiis
1223 1970 1256 2032 et
1277 1966 1441 2034 doctrinae
1569 2031 1570 2058 ,

288 2074 444 2145 ecclcsiae
466 2071 656 2139 christianae
681 2068 800 2153 optime
821 2065 971 2132 convenit
992 2067 1200 2150 vocabulum,
1223 2067 1353 2150 quoda
1379 2069 1439 2153 Py·
1569 2069 1570 2072 ’

288 2177 514 2262 thagcreorum
537 2169 707 2255 disciplina
733 2169 892 2236 abhorret.
935 2169 1096 2235 Tenemus
1123 2169 1221 2254 igitur
1242 2169 1438 2256 interpolati-

291 2299 383 2347 onem
396 2274 544 2342 monachi
559 2273 655 2354 docti,
671 2271 725 2353 qui
740 2277 908 2337 consuetus
924 2271 1003 2336 talia
1014 2271 1115 2337 verba
1130 2279 1324 2356 congregata
1334 2273 1440 2354 lcgcrc
1570 2271 1571 2288 l

290 2381 399 2463 qualia
417 2372 514 2452 ‘dede
530 2366 588 2439 οὐκ
611 2369 787 2458 αἰσθητὸς,
810 2364 963 2456 ἀόρατος,
988 2365 1152 2452 ἅκτιστος,
1176 2365 1350 2451 ἆτίίεοτος
1366 2366 1436 2442 etc'

289 2503 321 2549 v.
352 2476 506 2546 ἄκτιστον
534 2478 720 2560 inspergere
747 2494 810 2541 nou
840 2475 961 2541 veritus
989 2478 1031 2542 sit
1060 2477 1194 2560 expulso
1216 2497 1248 2542 v.
1279 2469 1440 2565 ἀκήρατον
1571 2495 1572 2502 “

290 2585 392 2652 rarius
414 2587 575 2665 usurpato.
620 2579 660 2642 ldt
682 2579 817 2644 fortasse
846 2576 900 2642 hic
927 2579 1017 2645 locus
1039 2585 1268 2646 commonstrat
1294 2580 1379 2647 riam
1400 2577 1440 2645 ad

291 2684 465 2753 eruendum
488 2683 608 2748 fontem
630 2680 843 2764 interpolatae
864 2686 971 2747 textus
994 2680 1197 2748 recensionis.

377 2788 446 2852 Iam
469 2805 510 2852 ex
533 2783 595 2850 hoo
616 2781 769 2848 librorum
793 2779 838 2864 Sg
860 2781 957 2865 Adi)
979 2801 1135 2848 consensu
1157 2783 1337 2866 colligimus
1360 2805 1440 2851 com-

291 2909 418 2957 munem
440 2887 558 2953 fontem
586 2883 784 2950 intercedere
809 2884 891 2950 iuter
913 2883 971 2950 bos
993 2884 1093 2951 libros
1115 2890 1148 2951 et
1168 2884 1377 2971 archetypum
1399 2887 1440 2968 Y;

291 2993 353 3058 nisi
373 2991 455 3057 forto
469 2986 667 3073 probabilius
682 2985 830 3052 statuitur
844 2985 894 3051 his
908 2985 988 3070 ipsis
1011 2985 1111 3071 libris,
1134 2987 1189 3069 qui
1204 2993 1344 3054 ceterum
1360 2989 1440 3073 prin-

293 3095 380 3177 cipes
392 3091 534 3157 familiae
549 3093 630 3167 sunt,
646 3087 851 3172 integriorem
863 3089 1048 3154 memoriam
1062 3090 1090 3154 Y
1102 3096 1258 3170 constare,
1274 3107 1345 3155 cum
1357 3089 1441 3156 dete·

292 3198 391 3263 riores
414 3193 486 3258 libri
516 3191 580 3257 alio
610 3191 787 3274 exemplari
814 3190 924 3257 infecti
945 3190 1016 3258 sint.
1060 3190 1126 3257 Sed
1148 3191 1264 3257 hocin
1292 3209 1443 3275 praesens

293 3300 455 3364 mittamus
478 3293 554 3376 quia
576 3292 717 3360 nondum
738 3291 879 3359 indolem
902 3292 975 3358 libri
997 3293 1027 3358 A
1049 3311 1242 3376 cognoscere
1268 3293 1443 3360 studuimus

292 3401 324 3465 in
345 3400 385 3465 iis
406 3397 551 3483 partibus
573 3395 688 3478 quibus
704 3393 750 3478 Sg
770 3393 885 3477 deficit,
907 3395 958 3459 cui
980 3396 1107 3478 negotio
1128 3395 1194 3464 iam
1215 3396 1443 3462 incumbamus.

293 3507 399 3585 Atque
421 3500 450 3565 A
473 3497 620 3580 quidem,
648 3502 682 3562 ut
704 3516 802 3580 supra
824 3515 980 3562 unacum
1003 3495 1066 3579 Sg,
1095 3497 1142 3563 ita
1163 3497 1295 3579 reliquis
1316 3497 1350 3562 in
1373 3498 1445 3564 vitis

293 3602 480 3686 saepissime
509 3601 597 3668 solus
618 3600 651 3664 in
681 3598 773 3665 bonis
803 3597 993 3665 lectionibus
1022 3599 1196 3666 retinendis
1226 3619 1297 3665 cum
1319 3601 1350 3666 Y
1374 3619 1443 3668 con-

294 3705 403 3790 spirat,
425 3703 480 3768 nbi
503 3703 601 3769 ceteri
622 3701 709 3767 vitiis
725 3699 967 3767 succubuerunt.
1005 3700 1116 3768 Solum
1139 3707 1246 3767 autem
1262 3703 1444 3784 praeferen-

295 3808 380 3891 dum,
403 3805 530 3872 evitatis
546 3804 670 3871 mendis
693 3809 724 3870 ct
738 3803 770 3870 X
792 3810 824 3868 et
843 3802 956 3868 ceteris
972 3804 1002 3869 Y
1017 3803 1108 3870 libris
1123 3805 1353 3889 communibus,
1378 3825 1445 3890 pcr-

295 3930 368 3978 raro
384 3907 591 3993 deprehendi,
614 3907 718 3989 iisque
733 3905 812 3972 locis
828 3904 882 3989 qui
896 3905 1014 3972 nullius
1030 3907 1096 3973 fere
1118 3906 1241 3973 numeri
1255 3912 1337 3990 sunt,
1361 3905 1447 3974 velut

297 4011 323 4096 Ι,
343 4017 411 4094 155,
428 4014 467 4074 28
492 4007 559 4074 αἰεὶ
582 4030 639 4092 pro
656 3999 725 4091 ἀεὶ,
751 4009 877 4089 183,17
902 4001 990 4072 οἶδεν
1006 4029 1064 4093 pro
1087 4002 1189 4091 εἶδεν,
1218 4011 1342 4093 197,16
1366 4001 1444 4076 αὐτὸ

297 4113 344 4197 (ct
367 4112 405 4197 G)
428 4132 486 4196 pro
520 4103 626 4194 αὐτῷ,
660 4113 762 4194 330,1
794 4133 831 4194 ys
853 4108 939 4194 (cum
962 4108 1000 4193 O)
1022 4130 1078 4194 pro
1100 4133 1152 4194 τε,
1187 4111 1227 4194 ΙΙ,
1252 4114 1322 4188 231,
1347 4115 1384 4174 19
1413 4133 1448 4196 γε
