3188 4758
621 290 837 350 ..31-

148 453 270 522 derunt
283 452 409 538 MFLB‚
431 453 494 536 vel,
518 454 604 537 quod
620 453 732 524 eodem
747 455 842 541 redit,
857 456 1037 540 fragmenta
1051 456 1198 541 vitarum,
1223 475 1306 540 quae

140 557 280 624 tradunt
295 557 387 638 FLB,
412 555 494 637 (soil.
510 555 537 621 B
554 557 587 624 in
601 556 694 642 Fab.)
715 559 823 626 omnia
846 578 886 628 ex
907 557 1019 625 eodem
1042 558 1123 626 libro
1145 558 1308 642 descripta

143 679 232 744 esse,
255 678 326 725 cum
341 659 384 723 F·
399 664 431 724 et
446 659 478 724 Μ
493 659 673 728 arctissime
695 660 873 743 coniuncto,
895 659 1082 745 praesertim
1105 681 1177 727 cum
1194 667 1307 744 reputo

146 759 371 829 condicionem
393 760 590 827 simillimam
612 761 764 829 librorum
780 762 872 844 FLB,
895 780 990 843 quam
1010 780 1108 846 supra
1123 760 1307 829 delineari?

147 864 245 929 Iuvat
267 868 437 929 stemmate
458 863 620 930 illustrare
638 865 767 946 qualem
790 863 870 930 mihi
885 863 1003 948 fingam
1018 863 1171 932 librorum
1185 865 1260 931 fam.
1275 863 1308 928 X

147 963 431 1033 necessitudinem.

746 2079 781 2134 F·
994 2079 1019 2134 L
1095 2082 1171 2137 FB

242 2205 306 2274 Vix
336 2224 415 2290 opus
445 2211 494 2271 est
522 2223 651 2272 monere
678 2223 754 2270 num
783 2203 919 2270 interX
941 2208 973 2268 ct
995 2202 1150 2286 Statque
1175 2205 1257 2272 inter
1278 2206 1311 2272 X

153 2317 187 2379 et
202 2311 228 2376 Z
245 2309 311 2376 alia
327 2305 524 2374 deverticula
546 2307 651 2390 posita
669 2305 733 2372 sint
754 2326 818 2373 non
839 2325 935 2390 posse
957 2305 1072 2390 evinci,
1093 2326 1198 2390 neque
1213 2307 1310 2374 ullius

157 2431 232 2479 esse
254 2409 416 2478 momenti.
461 2408 567 2476 Unum
590 2407 710 2474 addere
731 2407 847 2493 liceat,
870 2427 943 2475 eam
965 2406 1097 2492 stirpem
1118 2409 1193 2477 fam.
1216 2410 1247 2474 X
1270 2430 1312 2477 ex

156 2533 222 2596 qua
251 2531 432 2598 perpaucae
460 2510 615 2578 lectiones
640 2509 673 2575 in
701 2510 823 2577 fontem
851 2509 970 2580 codicis
1000 2527 1021 2591 q
1043 2510 1210 2578 traductae
1237 2519 1313 2579 sunt

159 2614 216 2695 (ci.
237 2632 334 2698 supra
354 2635 386 2698 p.
413 2610 466 2695 12)
495 2616 528 2679 et
549 2611 654 2697 ipsam
675 2611 817 2696 pendere
839 2632 881 2678 ex
902 2611 1077 2696 archetypo
1099 2613 1141 2696 Z,
1168 2613 1203 2679 id
1226 2615 1313 2696 quod

161 2713 276 2782 docent
297 2735 369 2782 cum
391 2715 447 2780 alii
468 2713 532 2780 loci
554 2721 621 2780 tum
644 2715 668 2797 Ι,
694 2717 821 2799 146,19
842 2710 903 2789 τὰς
920 2709 1011 2797 ἱερὰς
1024 2713 1162 2797 βίβλους
1178 2748 1218 2767 =
1234 2717 1312 2783 Fql.

163 2819 233 2900 148,
251 2821 289 2882 16
303 2816 431 2899 μᾶλλον
452 2837 510 2900 pro
527 2811 629 2880 καλὸν
650 2843 694 2866 =
715 2816 798 2900 F'L3
820 2816 863 2900 11,
888 2818 958 2898 183,
974 2819 1015 2879 32
1030 2819 1232 2906 καταστῆναι
1254 2839 1313 2902 pro

158 2920 374 3004 παραστῆναι
394 2946 437 2970 --
458 2917 535 2983 F⁸L.

75 3023 77 3026 ’
243 3021 313 3086 Iam
336 3039 413 3086 vero
435 3039 498 3085 non
520 3019 676 3086 absonum
690 3025 768 3103 puto
782 3017 894 3101 paucis
912 3017 1028 3085 diverti
1044 3019 1086 3084 ad
1101 3020 1188 3086 illius
1203 3021 1314 3087 arche·

158 3122 231 3208 typi
252 3121 436 3204 Zspeeiem
457 3120 713 3188 instaurandam:
735 3120 905 3205 apparebit
927 3121 1023 3187 etiam
1046 3122 1118 3206 plus
1141 3140 1237 3204 quam
1252 3121 1316 3188 sin·

158 3224 255 3309 gulas
276 3225 470 3308 propagines
492 3225 634 3291 saevisse
648 3223 682 3289 in
703 3228 825 3289 textum
848 3242 1046 3290 communem
1069 3223 1314 3308 progenitorem.

160 3325 288 3394 Sufficit
314 3325 483 3391 nonnullos
510 3327 599 3392 locos
627 3324 821 3407 conducere,
846 3325 906 3407 'qui
931 3325 964 3389 in
986 3325 1087 3391 F⁵LM
1116 3325 1185 3392 sive
1213 3325 1316 3391 urum

160 3429 232 3496 sive
247 3427 315 3494 1²⁵ss
330 3445 435 3508 aeque
457 3428 596 3512 corrupti
617 3427 767 3494 fallacem
789 3433 822 3493 et
841 3426 1019 3511 improbam
1042 3427 1164 3492 librarii
1187 3431 1328 3492 manum'

161 3518 364 3596 manifestam
387 3527 538 3594 reddunt:
559 3528 585 3612 Ι,
614 3532 681 3611 124,
697 3535 716 3593 5
735 3525 896 3614 ἐμπείρου
918 3549 976 3613 pro
999 3525 1161 3614 ἐμπύρου,
1189 3531 1259 3612 126,
1274 3531 1315 3594 26
1374 3543 1377 3550 ’

160 3629 452 3718 καταρρηγνύμενα
473 3651 531 3716 pro
551 3629 843 3718 καταπηγνύμενα,
870 3634 940 3714 137,
959 3634 996 3694 12
1013 3623 1113 3716 ἀρχῆς
1131 3650 1189 3716 pro
1205 3622 1316 3716 εὐχῆς,

163 3739 236 3818 140,
252 3737 292 3798 23
316 3730 452 3799 πάντων
474 3753 532 3818 pro
554 3735 689 3816 πασῶν,
721 3737 848 3818 160,14
871 3731 988 3819 φόβων
1010 3753 1067 3818 pro
1091 3730 1212 3817 νόσων,
1246 3736 1317 3817 173,

161 3841 204 3902 25
227 3829 334 3902 ὄντων
356 3856 415 3920 pro
438 3826 562 3920 οὐσῶν,
595 3839 666 3920 195,
681 3840 721 3902 25
750 3833 901 3901 κίνδυνον
928 3856 986 3921 pro
1017 3827 1211 3919 οὗινδὶκιον,
1246 3838 1317 3919 199,

161 3941 202 4002 27
228 3936 478 4024 ὄσσπρόσωπον
506 3958 565 4023 pro
593 3936 844 4024 δυσπρόσοδον,
874 3940 983 4021 294,4
1011 3931 1228 4022 ὑπαρχόντων
1258 3957 1317 4020 pro

160 4035 321 4125 ὑπάτων,
344 4044 416 4123 344,
433 4043 472 4103 21
496 4040 633 4127 πλῆθος
654 4061 712 4126 pro
734 4040 910 4122 πλεῖστον,
934 4042 1006 4122 355,
1026 4044 1064 4103 10
1083 4040 1238 4105 πλεῖστοι
1260 4059 1317 4124 pro

162 4142 296 4227 λοιποὶ,
319 4142 360 4226 ΙΙ,
387 4145 456 4226 194,
472 4144 513 4207 26
537 4139 743 4227 στρατιώτην
764 4161 823 4226 pro
846 4138 1099 4225 στρατιωτικόν,
1126 4145 1229 4227 161,1
1252 4139 1318 4224 μά-
