3188 4758
669 976 828 1058 VITA.

263 1174 366 1240 Natus
388 1193 458 1240 sum
474 1171 988 1258 FridericusWolfgangus
1004 1171 1180 1240 Oscarus
1196 1172 1331 1257 Meyer

178 1298 262 1344 anno
295 1276 325 1344 h.
349 1296 373 1343 s.
398 1280 437 1341 67
467 1275 660 1360 Hamburgi,
697 1275 753 1342 ubi
781 1284 874 1360 pater
902 1275 1117 1356 Christianae,
1149 1295 1243 1358 quem
1271 1275 1329 1341 hos

179 1385 327 1464 quattuor
348 1383 423 1446 ante
444 1397 545 1444 annos
568 1377 750 1446 defunctum
779 1377 890 1462 doleo,
919 1378 1034 1444 artium
1062 1397 1172 1444 museo
1194 1376 1328 1442 admini-

124 1479 125 1484 ’
180 1481 311 1548 strando
332 1481 510 1566 praefectus
533 1489 610 1545 erat.
654 1478 767 1545 Fidem
795 1498 911 1561 sequor
937 1479 1164 1564 evangelicam.
1209 1481 1330 1546 Decem

179 1603 332 1650 annorum
354 1601 434 1666 puer
455 1581 488 1647 in
510 1579 711 1666 gymnasium
733 1579 934 1647 lohanneum
956 1587 1105 1666 receptus
1127 1584 1214 1648 recto
1238 1600 1331 1646 cursu

179 1686 222 1751 ad
244 1684 374 1780 scholae
393 1687 511 1750 metam
526 1682 678 1766 procurri,
700 1683 810 1764 itaque
831 1702 861 1748 a.
879 1685 918 1747 85
941 1683 1132 1749 maturitatis
1147 1683 1331 1749 testimonio

180 1793 359 1853 exstructus
388 1785 613 1871 Tubingam
641 1783 724 1868 adii,
761 1791 795 1850 ut
822 1785 958 1868 primam
988 1785 1121 1850 militiae
1151 1784 1332 1851 rudimenta

181 1890 383 1974 deponerem.
419 1887 496 1954 Tria
511 1887 699 1954 semenstris
713 1887 746 1952 in
762 1885 985 1953 amoenissimo
1008 1888 1063 1953 illo
1080 1886 1219 1954 Sueviac
1242 1887 1331 1972 oppi-

181 1992 256 2059 dulo
273 2028 314 2039 -
330 1989 384 2057 ubi
399 1995 622 2076 praeceptores
638 1990 726 2057 suere
741 1989 801 2055 viri
816 1988 992 2056 doctissimi
1007 1988 1191 2072 Crusius,
1213 1989 1332 2071 Febr,

63 2099 65 2106 '
181 2093 228 2160 de
258 2090 512 2174 Gutschmid‚
542 2091 713 2176 Kngler,
743 2091 959 2173 Schwabe,
989 2091 1163 2158 Strauch
1193 2127 1232 2137 -
1263 2111 1333 2158 ver-

181 2205 269 2262 satus
285 2194 462 2280 Lipsiam
484 2193 716 2278 transmigravi,
740 2194 784 2259 ibi
800 2193 929 2261 demum
943 2193 1067 2260 fervido
1083 2191 1198 2260 ardore
1220 2192 1334 2259 studiis

183 2297 385 2384 philologieis
402 2296 607 2363 incubiturus.
644 2297 829 2364 Docuerunt
851 2317 902 2364 me
923 2315 982 2382 per
996 2300 1121 2380 septem
1143 2294 1334 2361 semenstria

183 2400 243 2465 viri
271 2398 478 2466 illustrissimi
507 2399 554 2466 de
582 2396 758 2483 Bahder,
793 2398 1034 2482 Bragmann,
1068 2395 1333 2479 Hildebrand,

183 2499 387 2581 Immisch,
403 2500 580 2586 Lipsius,
602 2499 802 2583 Ribbeck,
817 2500 1001 2583 Richter,
1018 2499 1154 2584 Voigt,
1171 2498 1333 2565 Waohs·

185 2601 310 2685 muth,
338 2600 500 2684 Wuudt,
536 2601 724 2669 Zarnohe.
777 2601 1002 2670 Proseminarii
1031 2601 1111 2686 regii
1139 2601 1334 2686 philologici,

185 2705 236 2771 cni
257 2709 425 2790 praeerant
440 2701 642 2788 Hanssen,
657 2702 918 2770 Waohsmuth
939 2723 997 2790 per
1011 2723 1138 2786 annum,
1160 2703 1333 2787 seminarii,

185 2803 594 2890 quodregunthipsius‚
616 2804 813 2888 Ribbeck,
835 2805 1114 2889 Wachsmuth,
1136 2806 1332 2890 pertriase-

185 2907 337 2975 menstria
362 2906 484 2974 sodalis
515 2905 694 2972 ordinarius
716 2906 778 2990 fui,
806 2907 839 2972 in
869 2913 1004 2989 utroque
1032 2927 1208 2993 perunum
1230 2907 1335 2974 senior

185 3011 295 3079 lactus.
350 3006 532 3076 Germanici
566 3007 729 3074 seminarii
763 3009 792 3076 ei
820 3009 978 3077 sodalium
1011 3009 1334 3076 extraordinariorum

186 3113 281 3180 classi
297 3132 393 3196 quam
409 3110 592 3178 moderatur
614 3111 662 3180 de
676 3111 835 3178 Bahder
856 3132 914 3197 per
935 3111 997 3178 tria
1018 3112 1214 3194 semenstria,
1238 3130 1334 3194 quam

185 3213 367 3280 moderatur
383 3214 568 3281 Zarnoke
589 3233 647 3300 per
668 3233 765 3280 unum
786 3214 923 3280 interfui.
960 3215 995 3279 ln
1016 3213 1270 3299 paedagogicum
1285 3232 1332 3280 se-

186 3315 354 3384 minarium
379 3322 455 3382 ante
477 3317 560 3384 hunc
588 3336 707 3383 annum
729 3337 781 3383 me
803 3316 923 3400 recepit
945 3315 1120 3382 Richter.
1164 3316 1335 3382 Praeterea

186 3417 323 3500 benigne
338 3417 544 3485 societatibus
560 3418 763 3504 philologicis
784 3439 835 3486 me
850 3419 1097 3485 adnumerarunt
1116 3438 1174 3503 per
1195 3418 1335 3500 quinque

187 3520 375 3587 semenstria
399 3518 597 3603 Ribbeck,
619 3539 677 3606 per
699 3540 796 3587 unum
818 3540 935 3586 annum
957 3520 1130 3607 Lipsius.

272 3619 394 3700 Quibus
423 3620 500 3690 viris
530 3641 600 3688 cnm
628 3621 775 3690 omnibus
803 3623 924 3708 gratiam
952 3644 1014 3708 ago
1043 3643 1139 3708 quam
1168 3623 1363 3707 maximas„

103 3791 109 3799 ,
187 3731 252 3790 tum
268 3725 452 3810 Lipsium
474 3724 804 3810 etRibbeckinm,
827 3727 882 3808 qui
903 3746 980 3811 prae
998 3726 1111 3792 ceteris
1133 3725 1240 3792 studia
1262 3745 1335 3792 mea

186 3827 334 3893 foverunt
349 3847 387 3894 ac
402 3828 577 3912 coluerunt,
598 3827 780 3911 gratissimo
795 3847 895 3912 usque
910 3827 1016 3895 animo
1031 3828 1179 3912 persequi
1202 3849 1264 3895 non
1280 3827 1333 3894 de

187 3947 300 3994 sinam.
