3188 4758
763 261 890 324 ...32
936 293 975 306 ..

293 426 391 492 λιστα
413 446 470 512 pro
492 429 648 511 μέγιστα,
674 431 781 510 199,4
805 419 933 505 εὐτελές
954 448 1012 514 pro
1035 419 1171 515 doside,
1199 435 1236 494 15
1252 428 1374 496 πολιὸν
1389 453 1449 516 pro

293 525 416 613 πολὺν,
441 533 514 612 218,
530 532 568 593 21
594 527 886 611 συμβουλεύεσθαι
907 551 965 616 pro
989 530 1229 616 συλλούεσθαι,
1259 533 1316 615 111,
1343 536 1449 615 149,2
1557 617 1558 624 ¹

293 628 556 718 μνημονεύουσιν
578 651 636 715 pro
658 630 933 718 μνημονεύοντες,
961 628 1168 716 169,1εἶναι
1190 655 1248 719 pro
1269 639 1448 720 γεγονέναι.

294 732 485 800 (lautissime
514 733 611 816 igitur
639 734 900 818 prospiciendum
927 743 978 803 est
998 756 1039 804 ne
1061 734 1094 800 in
1116 734 1156 802 iis
1177 736 1338 820 partibus,
1365 756 1449 820 qnae

294 834 328 902 in
350 834 390 902 St
410 835 605 917 interierunt,
629 835 807 904 doctrinam
828 837 951 904 librarii
971 837 994 901 Z
1016 839 1058 904 ab
1080 837 1255 923 archetypo
1276 839 1309 904 X
1323 839 1449 906 derive-

294 956 375 1019 mus,
398 935 473 1004 huic
494 937 645 1004 bonorem
666 938 897 1008 imminuentes.
1103 1023 1107 1034 ι

380 1037 496 1105 Verum
524 1059 665 1106 summas
694 1039 800 1107 adhuc
827 1041 1033 1109 difficultates
1061 1041 1276 1125 negleximus,
1310 1060 1393 1124 quae
1421 1044 1448 1107 si

294 1160 358 1208 non
381 1139 591 1224 expedientur
612 1141 749 1209 idoneae
772 1149 846 1208 sunt
873 1143 990 1225 quibus
1021 1149 1122 1210 totum
1149 1143 1331 1211 aedificium
1352 1143 1447 1211 artifi-

295 1242 381 1308 oiose
404 1246 598 1310 exstructum
622 1243 765 1311 funditus
782 1251 951 1312 evertatur.
988 1245 1130 1311 Primum
1148 1247 1233 1312 enim
1249 1266 1312 1328 qua
1327 1245 1448 1312 ratione

295 1343 416 1410 factum
438 1344 639 1410 censebimus
654 1351 689 1410 ut
704 1347 781 1414 illae
801 1352 859 1412 140
874 1346 1027 1413 lectiones
1047 1348 1341 1432 praestantissimae
1357 1347 1447 1412 nnius

297 1443 579 1532 Seitenstettensis,
607 1466 687 1530 quas
709 1467 806 1533 supra
828 1448 1098 1532 enumeravimus,
1121 1468 1142 1512 a
1163 1449 1251 1515 nullo
1273 1454 1447 1516 ceterorum

294 1548 369 1612 fam.
392 1547 425 1612 X
443 1547 595 1614 librorum
617 1550 844 1634 praebeantur,
865 1569 925 1616 nec
946 1549 1133 1634 simpliciter
1155 1549 1353 1634 depravatae
1375 1551 1444 1632 sint,

295 1649 354 1716 sed
375 1649 419 1715 ad
441 1670 629 1717 consensum
658 1653 802 1719 familiae
823 1652 876 1718 Y?
921 1650 1023 1730 Quem
1045 1652 1078 1716 in
1106 1672 1270 1720 numerum
1292 1671 1349 1718 eos
1371 1671 1446 1734 qno·

296 1771 359 1834 que
380 1753 468 1819 locos
490 1755 611 1838 refero,
640 1755 755 1837 quibus
777 1755 815 1822 St
836 1755 878 1820 ab
904 1753 1051 1821 omnibus
1079 1754 1125 1818 ita
1147 1754 1322 1852 discrepat,
1351 1765 1387 1820 nt
1408 1775 1446 1820 ex
1558 1773 1559 1856 }

295 1861 482 1935 argumento
505 1855 680 1940 disceptari
702 1878 765 1926 non
787 1857 889 1943 possit
904 1857 936 1922 in
951 1861 1024 1922 utra
1045 1863 1137 1941 parte
1151 1856 1315 1922 Plutarchi
1337 1876 1446 1922 manus
1558 1899 1559 1948 3

295 1956 561 2043 deprehendatur,
583 1961 672 2025 velut
692 1959 718 2042 I,
743 1964 813 2044 165,
841 1963 878 2024 13
902 1956 1051 2043 πρώτοις
1074 1957 1111 2023 81
1133 1995 1175 2004 -
1198 1951 1350 2042 ἀρίστοις
1372 1964 1444 2040 cet,
1558 1957 1559 1986 ³

297 2062 367 2143 199,
386 2064 423 2124 17
439 2058 604 2145 πρότερον
626 2099 668 2108 -
690 2063 839 2147 πρῶτον,
863 2064 936 2144 232,
952 2065 992 2125 32
1009 2056 1131 2144 ἐσθῆτι
1152 2057 1352 2148 -ἐσθῆσι,
1377 2066 1444 2144 274,

296 2159 432 2228 bardica
455 2197 495 2208 —
518 2161 652 2250 Ρώμην,
677 2167 750 2249 287,
765 2167 799 2227 21
823 2160 1024 2246 ὀνομάζουσι
1046 2198 1089 2207 -
1110 2163 1249 2228 καλοῦσι
1263 2164 1316 2247 al,
1333 2164 1445 2248 quibus

297 2261 344 2348 St,
366 2263 456 2330 cuius
479 2264 585 2331 scriba
606 2264 756 2334 novando
779 2286 909 2350 operam
932 2263 1010 2330 dare
1032 2283 1095 2329 non
1115 2265 1228 2349 potuit,
1250 2266 1338 2332 solus
1353 2284 1445 2348 genu·

294 2365 382 2431 inam
397 2366 473 2432 fam.
485 2367 517 2431 X
530 2367 715 2434 memoriam
731 2386 879 2434 servasse
895 2365 1126 2432 existimandus
1141 2374 1200 2434 est.
1227 2366 1361 2434 Accedit
1372 2387 1445 2434 vero

296 2467 400 2534 altera
422 2466 604 2552 difficultas,
627 2488 710 2551 quae
732 2470 829 2536 etiam
850 2468 1000 2551 graviora
1015 2468 1147 2536 exhibet
1168 2470 1306 2552 negotia,
1329 2470 1447 2536 scilicet

296 2569 456 2650 quomodo
472 2569 657 2654 explicetur,
680 2569 768 2652 quod
790 2571 964 2638 deteriores
986 2572 1060 2636 fam.
1076 2572 1108 2636 X
1123 2571 1197 2636 libri
1218 2572 1301 2637 inter
1323 2593 1359 2638 se
1384 2593 1445 2639 non
1559 2637 1560 2640 ,

296 2690 423 2756 semper
445 2673 646 2738 consentiunt
659 2673 693 2738 in
707 2674 839 2740 alterius
854 2674 997 2739 familiae
1011 2673 1202 2739 lectionibus
1220 2675 1445 2758 praeferendis,

296 2772 355 2840 sed
377 2773 463 2856 qnod
493 2775 681 2859 saepissime
709 2776 791 2841 alter
819 2773 923 2842 codex
951 2775 1027 2840 fam.
1050 2775 1079 2838 Y
1100 2775 1257 2858 sequitur,
1285 2776 1341 2841 ubi
1369 2777 1447 2842 alter

296 2876 371 2942 fam.
386 2876 419 2941 X
433 2873 530 2942 fidem
549 2877 700 2960 servavit,
722 2878 812 2944 velut
836 2899 864 2944 e.
880 2899 907 2944 c.
923 2879 978 2959 111,
997 2880 1067 2959 197,
1083 2880 1140 2960 21,
1164 2880 1220 2959 31,
1246 2880 1317 2959 198,
1333 2881 1368 2961 7,
1395 2881 1444 2958 18,
1559 2887 1560 2924 l

298 2981 369 3062 199,
385 2981 442 3062 22,
466 2981 539 3061 200,
555 2981 613 3062 22,
637 2982 709 3062 202,
725 2983 759 3063 2,
784 2983 842 3064 27,
859 2984 899 3047 28
921 2982 1009 3046 solus
1024 2979 1064 3044 Ι11
1079 3000 1151 3045 cnm
1170 2977 1207 3044 81
1227 2979 1313 3063 facit,
1337 2977 1446 3046 cumb*

295 3077 339 3146 ad
353 3079 472 3146 famY
489 3081 703 3164 transfugerit,
720 3088 831 3149 corba
849 3086 919 3167 198,
938 3087 992 3163 11,
1009 3084 1080 3166 199,
1096 3084 1131 3164 9,
1151 3084 1205 3162 12,
1222 3085 1294 3164 203,
1311 3087 1346 3165 4,
1361 3087 1394 3164 6,
1411 3084 1443 3162 9,

298 3185 334 3246 11
359 3182 400 3247 F⁸
422 3182 511 3249 solus
533 3183 574 3248 de
597 3184 816 3251 communione
843 3185 918 3250 fam.
941 3184 973 3249 X
996 3182 1158 3264 discessit;
1177 3202 1285 3265 ,qnam
1313 3184 1445 3250 eandem

296 3283 489 3350 discordiam
517 3283 600 3351 inter
621 3286 695 3351 F⁸L
726 3285 791 3369 Μ’)
820 3292 852 3352 et
881 3286 956 3352 F²B
985 3285 1088 3369 primo
1117 3285 1230 3351 obtutu
1258 3286 1446 3372 compluries

295 3404 478 3468 cognosces.

380 3490 429 3553 Ao
450 3487 588 3571 priorem
612 3487 833 3554 difficultatem
856 3489 978 3574 duplici
999 3489 1054 3554 via
1077 3489 1250 3572 explanare
1272 3490 1361 3556 licet:
1388 3491 1445 3575 pri-

296 3609 383 3656 mum
404 3587 474 3655 fieri
495 3591 599 3674 potnit
620 3596 655 3655 nt
676 3592 797 3674 probae
818 3592 896 3657 illae
923 3590 1077 3658 lectiones
1098 3591 1131 3656 in
1154 3587 1191 3655 St
1212 3592 1447 3675 penetraverint

383 3778 407 3841 1)
425 3773 521 3842 nequis
540 3774 573 3828 de
591 3773 621 3827 ld
638 3774 759 3829 incertus
779 3776 814 3829 sit
831 3776 900 3830 haec
917 3791 1011 3845 promo
1030 3777 1166 3846 exempla:
1189 3775 1224 3840 11,
1244 3779 1302 3841 160,
1321 3779 1352 3829 21
1371 3794 1445 3847 γεγε-

295 3859 417 3932 νημένας
433 3881 468 3902 ==
484 3857 509 3912 Y
526 3859 693 3930 (γενομένας
711 3860 836 3928 81129),
863 3865 919 3925 194,
939 3865 971 3916 30
988 3861 1041 3930 μὲν
1065 3877 1116 3916 om.
1135 3885 1169 3906 =
1186 3860 1212 3914 Y
1229 3861 1301 3925 (hab.
1321 3861 1445 3927 Straba

295 3943 392 3999 deinde
409 3959 465 3998 nna
490 3959 552 3998 cum
574 3944 669 3999 1Εὼ
693 3946 834 4014 impugnat
858 3945 1122 4002 Seitenstettensem:
1144 3945 1184 4011 11,
1205 3951 1269 4010 194,
1288 3950 1321 4001 29
1345 3939 1444 4019 δήμους

295 4035 330 4084 24
346 4023 518 4102 ἀγνώστων,
544 4033 601 4094 196,
621 4035 636 4082 6
654 4031 829 4103 παραθέντι,
853 4030 903 4097 III,
924 4035 981 4097 143,
1003 4037 1030 4086 11
1057 4033 1309 4103 συστρεφομένων,
1335 4036 1397 4099 146,
1415 4033 1443 4084 21

294 4120 343 4174 καὶ
359 4111 495 4188 καθάπερ
513 4111 570 4188 γὰρ
588 4115 624 4170 nl.
