3188 4758
740 212 952 274 -24...

274 382 402 465 faciam,
418 381 534 464 quibus
549 399 612 446 una
627 399 755 463 quaque
770 380 890 465 pagina
905 380 1029 464 repleta
1040 377 1124 462 cst.¹)
1155 377 1294 457 Quorum
1310 379 1426 464 triplex

274 485 398 570 specics
421 482 636 567 distinguitur,
657 482 795 566 primum
818 481 941 550 scholia
963 487 996 548 et
1017 486 1206 564 argumenta
1227 501 1341 548 manus
1356 500 1426 548 sae·

274 585 338 654 culi
359 587 426 652 fere
453 589 490 650 12
514 603 597 667 quac
618 605 640 651 a
662 582 850 670 corrigendo
877 587 967 650 textu
988 583 1084 668 plane
1113 583 1282 667 abstinuit,
1310 583 1427 649 deinde

275 687 515 755 emendationes
538 706 650 753 manus
673 685 910 754 recentissimae
933 691 966 751 ct
986 684 1199 766 foedissimae,
1223 691 1290 751 tum
1311 703 1426 768 magna

275 789 377 857 moles
399 794 650 857 correcturarum
672 789 788 874 partim
810 786 947 870 margini
973 787 1090 871 partim
1111 786 1194 854 inter
1215 786 1350 854 lineolae
1372 785 1425 853 ad-

274 891 475 976 scriptarum,
497 890 616 977 partim
638 891 672 958 in
686 893 791 977 ipsum
813 896 938 956 textum
960 889 1153 958 intrusarum
1176 889 1316 974 genuina
1330 889 1425 973 scrip-

274 1001 346 1060 tura
358 1013 460 1077 erasa,
476 1011 556 1075 quas
568 994 610 1059 ab
623 992 737 1060 eodem
751 992 893 1074 librario,
909 991 963 1074 qui
979 991 1094 1058 librum
1111 991 1255 1076 contenit,
1270 989 1426 1075 proficisci

260 1096 448 1163 *tenendum
463 1100 527 1178 est3
551 1096 738 1176 quaerclae
759 1094 925 1172 materiem
948 1093 1133 1177 disputandi
1152 1093 1205 1159 hic
1219 1093 1426 1178 praebebunt.

275 1198 324 1263 Ac
346 1195 478 1264 difficile
499 1216 564 1263 non
580 1202 630 1264 est
644 1196 774 1264 maioris
794 1195 896 1282 partis
918 1195 1217 1264 adnotamentorum
1239 1195 1380 1260 indolem
1395 1199 1428 1258 et

276 1298 431 1382 originem
453 1317 630 1382 exponere:
651 1296 744 1364 fluxit
766 1298 915 1364 nimirum
931 1318 972 1364 ex
992 1299 1170 1383 exemplari
1192 1297 1332 1382 quodam
1353 1299 1427 1362 fam.

275 1401 315 1484 Y,
338 1406 524 1485 comparato
539 1421 560 1466 a
573 1400 706 1466 librario
728 1420 791 1467 non
806 1420 844 1466 eo
866 1401 1010 1483 consilio,
1032 1405 1212 1466 attextum
1235 1399 1427 1480 emendaret,

276 1501 335 1569 sed
357 1507 394 1568 ut
415 1502 569 1568 lectiones
592 1501 796 1586 divergentes
817 1521 942 1568 summa
964 1501 1130 1588 diligentia
1152 1509 1186 1568 at
1201 1501 1289 1567 nullo
1310 1499 1428 1567 iudicio

217 1659 219 1666 ,
277 1601 456 1671 adnotaret.
501 1603 595 1671 Unde
617 1603 663 1669 nil
685 1603 765 1670 lucri
785 1605 920 1670 facimus
935 1603 996 1670 nisi
1009 1608 1045 1670 ut
1059 1604 1273 1688 percipiamus
1294 1603 1428 1668 alteram

277 1711 385 1792 textus
407 1704 625 1772 recensionem
641 1710 744 1772 ortam
765 1726 838 1773 esse
852 1712 926 1773 ante
940 1725 1024 1772 saec.
1040 1707 1096 1771 ΧΙ.
1134 1705 1309 1786 Inquirenti
1323 1710 1429 1770 autem

276 1807 310 1874 in
332 1812 478 1874 naturam
499 1806 575 1874 libri
596 1807 683 1874 illius
705 1829 802 1874 unum
825 1809 993 1875 enucleare
1014 1808 1098 1891 licet,
1122 1808 1286 1874 codicibus
1307 1807 1383 1872 fam.
1400 1807 1430 1871 Y

276 1910 435 1977 inferioris
457 1915 553 1976 notae
575 1908 850 1977 adnumerandum
872 1930 952 1994 esse,
975 1909 1009 1976 id
1028 1911 1115 1992 quod
1137 1909 1297 1993 colligitur
1311 1915 1343 1976 et
1357 1908 1430 1974 aliis

277 2033 319 2080 ex
341 2012 420 2079 locis
444 2017 476 2078 ct
498 2031 540 2078 ex
560 2012 586 2094 I,
604 2014 674 2095 159,
690 2015 720 2096 7,
742 2012 798 2079 ubi
820 2011 1012 2080 deteriorum
1035 2011 1191 2097 scriptura
1213 2011 1380 2087 λυσιτελές
1398 2035 1431 2074 τι

277 2113 415 2197 margini
443 2111 569 2178 adiecta
597 2119 654 2179 est.
704 2113 822 2180 Verum
856 2115 1021 2198 librarius,
1054 2133 1118 2196 qua
1147 2122 1217 2180 erat
1248 2112 1430 2198 sedulitate,

277 2236 341 2284 non
363 2215 442 2282 satis
457 2214 570 2280 babuit
585 2235 683 2282 unum
702 2217 873 2283 contulisse
889 2217 1044 2299 codicem,
1067 2215 1125 2284 sed
1141 2222 1296 2300 quotquot
1310 2215 1431 2300 potitus

278 2324 327 2385 est
355 2315 591 2400 exemplaribus
613 2317 646 2381 in
669 2336 762 2384 usum
792 2338 884 2385 suum
913 2319 1080 2386 convertit.
1124 2321 1175 2384 Ita
1197 2325 1367 2403 postquam
1390 2337 1431 2383 ex

215 2490 217 2495 ,
243 2419 247 2429 “
278 2421 335 2486 1113
351 2420 425 2485 fam.
441 2419 471 2487 Y
485 2418 567 2484 libro
584 2418 691 2485 varias
713 2420 867 2486 lectiones
889 2421 997 2505 elegit,
1018 2422 1133 2487 iterum
1148 2420 1261 2488 incidit
1274 2421 1307 2485 in
1323 2439 1430 2485 exem-

278 2522 350 2606 plar
365 2539 443 2586 suae
458 2519 610 2603 familiae,
633 2526 667 2586 et
682 2541 720 2587 eo
737 2523 854 2589 collato
869 2523 986 2607 partim
1002 2530 1198 2589 correcturas
1214 2523 1310 2590 modo
1324 2523 1432 2588 illatas

278 2641 386 2689 rursus
398 2621 706 2712 delevit-velutl,
721 2626 792 2706 156,
805 2627 838 2708 9,
859 2629 928 2708 162,
941 2632 975 2710 4,
995 2630 1113 2710 163,1,
1132 2628 1201 2708 184,
1218 2629 1273 2710 24,
1294 2627 1432 2708 193,19,

279 2729 352 2808 233,
369 2728 398 2790 7.
434 2725 475 2807 Il,
501 2725 572 2809 182,
595 2729 613 2788 7
636 2725 678 2792 al.
701 2727 881 2811 -partim
903 2747 1004 2794 novas
1032 2727 1185 2794 lectiones
1215 2727 1433 2812 discrepantes

280 2825 456 2909 3113313111,
479 2825 595 2908 quibus
617 2825 753 2893 efficitur
773 2829 909 2895 alterum
931 2829 1011 2896 illud
1030 2831 1197 2913 exemplar
1219 2829 1338 2896 arctius
1359 2848 1432 2913 cog-

279 2933 391 2994 natum
414 2947 485 2994 esse
506 2927 621 2995 ceteris
643 2928 717 2994 fam.
733 2929 765 2994 X
780 2929 879 3014 libris,
902 2931 1006 3013 iisque
1022 2931 1204 3015 vilioribus;
1228 2952 1256 2998 3.
1272 2950 1303 3015 g.
1319 2932 1345 3015 Ι,
1360 2935 1433 3014 234,

279 3035 320 3096 23
336 3052 368 3098 v.
392 3021 575 3111 ἀνεχόντων
598 3050 695 3116 supra
715 3029 845 3098 additur
867 3029 920 3112 ἐπ,
945 3033 1031 3114 quod
1054 3033 1241 3100 33116316ὃ
1260 3034 1339 3101 item
1361 3037 1434 3117 362,

279 3137 321 3198 20
344 3123 437 3208 ὅλοις
459 3149 483 3198 s.
500 3151 565 3220 scr.
588 3165 629 3184 ε
652 3133 692 3196 F*
708 3131 749 3217 c;
773 3137 844 3217 335,
864 3139 902 3198 12
918 3133 967 3211 εἰς
989 3164 1032 3187 =
1053 3135 1108 3218 s·;
1134 3139 1206 3220 355,
1226 3141 1263 3201 ro
1279 3136 1433 3202 πλεῖστοι

278 3264 322 3289 =
343 3234 507 3317 F=B;11,
533 3236 659 3318 196,12
689 3239 836 3317 μεμμίου
863 3266 907 3288 =
928 3237 972 3320 L;
1003 3240 1074 3320 518,
1090 3241 1130 3301 20
1158 3236 1370 3324 ταλαύρωνος
1392 3275 1433 3286 -

279 3331 389 3424 ἡμέρᾳ
411 3334 447 3400 δὲ
469 3364 512 3388 =
532 3337 589 3419 F⁸;
611 3335 669 3419 ΙΙΙ,
692 3340 743 3419 44,
759 3341 798 3400 24
823 3335 972 3424 ἐνεργοὺς
994 3371 1036 3390 =
1058 3339 1099 3403 F³
1125 3343 1193 3424 142,
1210 3343 1251 3404 26
1272 3339 1432 3428 aripaldo

279 3467 322 3491 =
337 3437 392 3522 Ψ,
421 3441 491 3524 169,
509 3443 523 3500 1
543 3432 630 3504 εἶναι
651 3465 694 3490 =
715 3438 757 3502 Fr
771 3440 812 3524 Ρ,
838 3443 910 3523 204,
926 3445 944 3506 3
969 3434 1117 3528 ἀνῃρέθη
1142 3433 1174 3504 d’
1200 3435 1327 3525 ὁμοίως
1340 3472 1384 3496 -·-
1398 3441 1432 3507 F.

367 3537 434 3607 Sed
455 3538 597 3606 nondum
620 3539 825 3607 exhausimus
841 3549 942 3610 totum
962 3545 1145 3610 thesaurum
1169 3551 1431 3611 correcturarum:

281 3647 405 3709 restant
428 3641 525 3707 etiam
545 3642 739 3725 permultae,
765 3661 900 3724 quarum
923 3645 1078 3728 originem
1100 3645 1255 3728 indagare
1277 3665 1341 3712 non
1362 3665 1432 3730 poa-

281 3763 400 3826 sumus,
428 3763 500 3809 cum
522 3763 563 3809 ex
585 3743 625 3808 iis
647 3742 752 3826 libris,
776 3765 856 3829 quoa
878 3744 969 3813 adire
991 3747 1075 3830 licet,
1098 3766 1271 3829 eorumque
1293 3749 1434 3815 fontibus

281 3867 346 3914 non
357 3843 575 3929 redundarint,
589 3844 678 3912 velut
688 3846 713 3930 l,
728 3848 798 3928 136,
813 3851 866 3930 13,
887 3850 957 3931 149,
967 3851 1024 3932 22,
1043 3854 1113 3935 154,
1129 3855 1183 3934 15,
1203 3851 1272 3932 158,
1288 3853 1346 3936 21,
1365 3854 1433 3934 192,

371 3983 395 4046 1)
415 3991 507 4033 earum
520 3979 730 4048 certe'ritarum,
749 3995 819 4048 quac
831 3979 933 4050 duplici
944 3983 1100 4038 recensione
1113 3983 1272 4048 traduntur;
1290 3984 1320 4038 in
1338 3985 1435 4040 ceteris

282 4068 426 4120 rarescunt
445 4067 626 4120 correcturae.
