3188 4758
645 291 865 367 -19-,

260 456 368 537 262,9
393 452 584 542 διδασκάλῳ
606 454 779 522 adoravit.
826 460 865 522 19
887 455 1055 535 καταστὰς
1078 456 1125 534 εἰς
1148 453 1241 542 ὄψιν.

260 558 332 640 265,
349 559 368 622 8
387 547 526 623 Ἰοολίου
548 555 653 645 μηνὸς
674 545 696 646 ἢ
718 559 777 624 τοῦ
799 583 868 642 rep,
891 580 986 644 quem
1008 561 1113 627 locum
1135 561 1188 629 hic
1209 561 1328 632 adnoto

177 656 253 740 quia
267 658 404 726 idoneus
420 666 478 742 est,
502 678 565 742 quo
581 659 790 728 subtilissima
804 661 929 728 librarii
943 661 982 728 St
996 662 1118 728 acribia
1138 663 1327 751 illustretur,

175 759 275 826 verba
285 757 391 847 μηνὸς
406 755 425 849 ἦ
439 769 616 828 ceterorum
628 761 781 829 librorum
796 762 935 832 insiticia
946 783 1017 830 esse
1034 765 1109 831 olim
1122 786 1174 832 vv.
1187 766 1240 833 dd.
1257 787 1326 852 per-

174 869 350 946 spexerunt
370 864 455 942 (coll.
472 864 541 930 Liv.
557 864 596 947 V,
609 863 675 946 31).
722 862 787 930 Sed
811 864 971 947 quomodo
994 871 1071 932 nata
1088 867 1151 933 sint
1172 868 1330 954 scriptura

173 952 247 1050 Sti}
263 964 372 1032 docet:
391 971 465 1032 erat
486 965 636 1033 nimirum
657 967 821 1050 glossema
836 968 959 1052 puerile
976 968 1112 1050 margini
1133 968 1328 1054 adscriptum

172 1065 217 1133 ad
239 1087 270 1133 v.
289 1058 444 1133 Ἰουλίους
466 1065 570 1154 μηνὸς
591 1057 613 1153 ἢ
636 1060 792 1155 [ἆνὸρόςλ

260 1173 301 1235 29
324 1167 496 1258 Πορήοης;
519 1170 605 1253 quod
626 1189 743 1237 nomen
763 1170 797 1236 in
813 1169 930 1238 Sertor.
947 1191 973 1238 o.
986 1171 1046 1237 VIl
1068 1172 1209 1240 omniurn
1231 1173 1327 1242 libro·

173 1291 244 1338 rum
268 1291 423 1339 consensu
445 1273 496 1340 bis
517 1293 576 1359 por
596 1293 693 1340 unam
715 1296 734 1356 ρ
756 1271 909 1357 scriptum
930 1273 1076 1356 legimus.

260 1377 369 1461 266,2
391 1372 505 1458 γενεὰς
549 1375 588 1442 ef.
612 1375 714 1443 Cobet
735 1375 756 1441 l.
772 1374 794 1439 l.

257 1478 331 1558 272,
351 1480 389 1541 12
411 1473 578 1559 μετὰτῶν
595 1476 710 1560 λορίων
726 1473 867 1563 ἐ’φεογον
891 1469 1162 1562 ἆρπαοάμοοαι*;
1188 1478 1327 1563 primum

172 1577 325 1646 advertas
354 1579 570 1647 necessarium
599 1579 770 1646 verborum
796 1577 940 1646 ordinem
966 1574 1020 1666 ip.
1044 1573 1126 1665 ἆρπ.
1148 1579 1181 1645 in
1202 1601 1266 1649 uno
1289 1580 1327 1648 St

174 1679 380 1748 observatum
405 1701 486 1750 esse.
522 1681 650 1749 Deinde
672 1679 835 1762 atroam
857 1680 911 1747 hio
932 1680 1038 1748 locum
1060 1681 1180 1750 habere
1201 1702 1327 1768 censeo,

174 1801 239 1848 non
263 1781 378 1869 ἱερῶν,
410 1803 474 1867 quo
496 1782 642 1852 offendor
664 1790 697 1850 et
717 1782 800 1850 alias
822 1783 863 1850 ob
886 1801 1000 1849 causas
1022 1789 1054 1850 et
1075 1789 1206 1869 propter
1226 1785 1328 1853 verba

174 1884 398 1952 antecedentia
425 1887 493 1952 τῶν
517 1883 614 1970 ἱερῶν
639 1882 660 1949 ἃ
682 1883 753 1968 μὲν.
797 1883 999 1950 Verisimile
1026 1890 1075 1950 est
1095 1884 1272 1967 virginibus
1293 1887 1327 1953 in

174 1985 348 2054 condendis
370 1988 469 2056 sacris
485 1988 671 2056 sacerdotes
692 1985 844 2072 adfuisse,
866 1986 1135 2069 idquecongruit
1156 2007 1228 2055 cum
1243 1988 1328 2055 Livii

172 2089 364 2174 narratione,
387 2091 443 2173 qni
465 2091 504 2175 V,
519 2096 560 2157 40
590 2089 752 2158 flaminem
773 2089 969 2170 Quirinalem
991 2087 1168 2156 adiutorem
1190 2087 1326 2174 inducit;

172 2195 342 2276 praeterea
359 2190 400 2258 de
415 2192 566 2277 pontifice
580 2191 723 2258 Maximo
739 2187 872 2275 eogitari
886 2195 1000 2275 potest.
1030 2189 1153 2270 Quodsi
1168 2212 1198 2260 v.
1212 2191 1327 2278 ἱερέων

171 2294 359 2379 recipimus,
395 2295 539 2378 sequitur
568 2315 640 2362 curn
667 2294 743 2360 fam.
765 2293 798 2359 X
825 2291 997 2375 legendum
1032 2311 1104 2359 esse
1131 2290 1174 2358 rol
1204 2289 1240 2360 di
1268 2296 1328 2384 τῆς

169 2390 310 2476 Ἑστίας,
327 2403 360 2464 ct
377 2396 423 2464 sio
438 2395 638 2463 concinnitas
651 2394 866 2461 membrorum
881 2394 1030 2461 absoluta
1045 2400 1102 2480 est,
1119 2401 1151 2462 et
1165 2402 1326 2464 auctorem

171 2498 330 2566 habemus
352 2497 497 2579 Livium,
527 2499 581 2582 qui
604 2499 728 2582 etipse
750 2502 873 2563 tantum
901 2495 936 2561 in
958 2496 1140 2564 universum
1164 2497 1205 2566 de
1227 2499 1327 2567 sacris

172 2598 341 2666 servandis
363 2599 450 2666 dicit.
494 2600 611 2666 Verbis
632 2603 744 2665 καίτοι
764 2597 852 2674 osric
880 2596 924 2663 ad
945 2597 1044 2666 alium
1071 2599 1192 2666 fontem
1214 2602 1328 2668 transit

172 2694 267 2786 Plut,
290 2702 344 2783 qui
377 2703 481 2769 solum
495 2702 616 2797 'ignem
645 2707 806 2769 servatum
836 2719 908 2767 esse
931 2699 1141 2768 contenderat
1163 2703 1208 2784 (r.
1227 2708 1265 2768 14
1287 2699 1325 2769 τὸ

170 2805 240 2888 πῦρ
263 2824 333 2870 oum
356 2803 412 2887 X).

258 2909 330 2990 273,
346 2909 366 2969 2
389 2931 425 2971 τι
439 2906 544 2972 πλέον
561 2903 782 2970 ἐπίστασθαι.
826 2907 863 2968 13
876 2899 1055 2986 Ἀλβίνιος,
1079 2923 1175 2986 quam
1189 2905 1327 2974 nominis

170 3011 307 3075 formam
328 3008 412 3075 infra
427 3030 458 3075 v.
475 3012 511 3072 21
532 3008 581 3073 V⁸
596 3025 723 3091 quoquc
744 3006 889 3090 praebet.
933 3005 1080 3088 Albinus,
1104 3005 1190 3090 quod
1210 3028 1326 3075 nomen

171 3113 247 3178 iam.
271 3111 302 3176 Y
325 3110 441 3195 tradit,
463 3131 527 3177 nou
550 3114 598 3178 cst
619 3129 735 3176 nomen
757 3107 887 3191 gentile,
908 3107 967 3174 sed
990 3127 1165 3190 cognomen
1186 3109 1326 3176 maxime

170 3211 444 3294 Posthumiorum,
473 3210 591 3279 deinde
621 3211 747 3277 Decimi
774 3210 865 3275 Bmti
895 3210 992 3290 (Plut.
1019 3208 1111 3276 caes.
1138 3210 1204 3292 64).
1253 3210 1325 3277 Uno

171 3313 244 3380 loco
266 3314 401 3381 Liuiano
428 3314 582 3397 11‚33,2
611 3333 694 3379 unus
722 3333 764 3379 ex
792 3310 1023 3393 antiquissimis
1052 3311 1187 3377 tribunis
1215 3312 1325 3396 plebei

171 3416 209 3482 L.
232 3416 368 3483 Albinus
397 3422 546 3499 vocatur,
582 3413 669 3500 qnod
697 3415 810 3498 procul
840 3412 938 3478 dubio
967 3411 1188 3496 corrigendum
1216 3418 1265 3480 cst
1292 3414 1325 3479 in

168 3510 344 3585 ‘Albinius'
371 3518 445 3584 aliis
467 3517 656 3584 testimoniis
679 3514 841 3601 collatis.¹)
884 3515 954 3580 Iam
976 3533 1053 3581 vero
1083 3514 1169 3598 quod
1195 3515 1324 3601 saepius

170 3620 348 3704 posteriore
371 3624 477 3687 aetate
492 3618 602 3684 Albini
625 3625 792 3686 occurrunt
813 3618 903 3685 nullo
918 3616 984 3684 alio
1006 3615 1117 3685 addito
1140 3618 1268 3686 nomine
1281 3655 1323 3665 —

171 3721 259 3807 apud
280 3722 431 3806 Joseph.,
458 3722 557 3807 App,
588 3720 676 3788 Cass.
707 3721 800 3788 Dion.
823 3758 865 3768 -
887 3720 932 3785 nil
953 3721 1064 3804 refert,
1094 3738 1169 3785 nam
1191 3739 1324 3788 severae

170 3823 436 3891 nomenclationis
456 3825 546 3908 loges
568 3828 643 3890 tuno
662 3824 817 3890 infractae
838 3821 997 3888 iacebant.
1033 3819 1127 3890 Adde
1150 3821 1237 3905 quod
1251 3821 1321 3890 Liv.

172 3925 210 4009 V,
226 3931 266 3990 40
289 3925 345 3991 ubi
367 3925 449 3992 haec
463 3925 701 3992 narratiuncula
716 3931 829 4008 exstat,
852 3923 902 3990 vir
916 3924 971 3990 ille
991 3917 1041 3990 ‘L.
1057 3924 1203 3990 Albinius
1226 3924 1322 3990 bomo

171 4025 212 4094 do
226 4019 334 4112 plebe'
354 4027 477 4095 dicitur.
514 4027 555 4093 Et
569 4026 691 4093 Albinii
705 4027 809 4110 gentis
824 4025 972 4110 plebeiae
989 4026 1117 4112 saepius
1132 4045 1321 4094 commemo·

257 4164 282 4229 1)
300 4161 335 4216 of.
353 4160 379 4216 J.
398 4161 547 4234 Schmidt
563 4161 592 4215 in
609 4159 726 4216 Hamae
743 4159 794 4215 rol.
813 4159 879 4214 XXI
896 4175 923 4228 p.
942 4163 1001 4215 464.

1082 4246 1115 4297 2*
