3188 4758
630 289 842 350 ..59-

158 457 189 522 Y
211 453 314 536 magis
336 454 503 536 magisque
525 461 648 523 erecta
671 454 724 522 via
746 458 905 525 seiunctos
928 463 960 525 et
981 453 1151 526 distractos
1173 459 1216 527 ad
1238 481 1309 546 pra-

158 557 292 624 vitatem
315 554 432 623 delabi.

244 658 441 725 Addealiud
456 659 621 741 quodiam
644 660 884 730 deliberationis
906 685 969 731 non
989 661 1141 749 indigeat,
1163 665 1310 732 nimirum

160 762 247 844 quod
261 761 303 827 ΕΙ
316 761 350 828 in
372 761 446 829 vitis
469 763 545 848 Lyc.
569 763 662 831 Num.
686 765 866 833 s01.Pub1.
890 767 1001 833 Them.
1025 766 1112 834 Cam.
1136 768 1207 834 Per.
1230 768 1310 835 Fab.

159 865 255 931 Arist
280 863 348 930 Cat.
372 864 468 948 Ages.
491 865 604 951 Pomp.
626 867 814 952 saepissime
836 869 991 935 familiam
1013 870 1042 935 Y
1065 877 1210 955 superat,
1239 889 1311 936 cum

159 968 194 1034 in
208 965 339 1049 reliquis
355 965 430 1032 vitis
444 965 528 1034 inter
541 967 668 1037 codices
683 969 783 1037 infimi
798 971 919 1038 ordinis
934 971 1090 1037 habeatur
1106 970 1159 1054 (ci.
1173 971 1312 1038 Sintenis

161 1068 211 1134 ed.
228 1069 328 1134 maior
344 1068 387 1133 lV
402 1088 432 1152 p.
448 1068 521 1149 IVlz
544 1091 606 1136 non
623 1073 707 1138 enim
723 1074 791 1139 eius
807 1074 880 1139 libri
901 1073 1080 1158 inaequalis
1102 1078 1151 1141 est
1172 1073 1310 1156 indoles,

160 1173 257 1237 immo
290 1175 459 1255 postquam
488 1179 635 1240 naturam
665 1175 703 1242 st
731 1177 924 1260 perscrutati
951 1195 1075 1259 sumus,
1105 1177 1312 1259 cognovimus

160 1276 233 1341 Par.
256 1272 297 1337 F*
319 1272 488 1341 mediocris
514 1276 588 1341 libri
617 1277 767 1344 virtutem
797 1297 952 1362 nusquam
981 1279 1147 1346 excedere.
1190 1277 1313 1358 Quodsi

161 1376 238 1446 olim
254 1381 376 1442 tantum
392 1376 521 1444 honoris
536 1379 565 1446 ei
580 1380 742 1448 tribuebat
758 1379 907 1463 Sintenis,
922 1401 1052 1448 causam
1066 1381 1132 1448 iam
1147 1381 1312 1463 habemus,

163 1479 238 1562 quia
261 1479 514 1545 crudelissimum
536 1481 773 1568 interpolatoris
795 1484 940 1568 cultrum,
964 1485 1019 1566 qui
1033 1485 1112 1552 istas
1127 1483 1215 1568 ipsas
1229 1484 1313 1549 vitas

162 1583 350 1664 violaverat,
365 1602 428 1648 non
443 1603 558 1667 passus
569 1589 618 1650 est
633 1605 703 1651 cum
718 1587 758 1669 Y,
774 1585 831 1652 sed
843 1605 942 1670 purae
955 1586 1117 1653 immansit
1130 1585 1312 1652 memoriae.

250 1684 362 1750 Finem
376 1684 475 1750 iaciat
490 1688 749 1768 quaestiunculae
766 1686 938 1771 disputatio
954 1687 995 1755 de
1007 1687 1146 1754 omnium
1162 1688 1313 1755 librorum

162 1785 398 1854 necessitudine
422 1806 517 1869 quam
540 1789 716 1871 generatim
740 1789 912 1874 depingere
934 1790 1037 1856 audeo
1052 1797 1084 1856 et
1107 1789 1210 1856 valeo.
1255 1789 1314 1855 Oui

162 1890 260 1975 capiti
281 1907 488 1974 praemonere
510 1911 590 1976 opus
612 1899 662 1958 est
682 1892 843 1976 propriam
865 1899 898 1958 et
911 1892 1081 1976 genuinam
1104 1891 1314 1976 arebetypiY

162 1992 347 2059 memoriam
376 1992 454 2058 mihi
481 2001 645 2078 praestare
672 1994 771 2061 libros
798 1992 893 2078 SgA
923 1993 987 2078 [G],
1018 1994 1114 2060 etiam
1144 2003 1211 2061 tum
1242 2015 1314 2061 cum

163 2093 382 2162 communibus
405 2095 529 2162 mendis
551 2104 625 2163 sunt
646 2096 813 2178 maculati,
840 2114 923 2177 quae
944 2096 1101 2164 inferioris
1123 2102 1219 2163 notae
1240 2097 1313 2162 libri

164 2197 331 2263 evitarunt.
376 2195 469 2276 Quod
491 2199 519 2265 si
541 2199 705 2284 ponimus,
728 2199 897 2265 statuimus
920 2199 978 2266 hos
999 2199 1098 2266 libros
1120 2199 1228 2265 nescio
1251 2219 1313 2283 quc

164 2305 257 2384 pacto
279 2307 437 2366 corrector
465 2319 552 2384 esse,
583 2302 652 2368 sive
679 2301 817 2367 inventis
846 2301 1062 2384 librariorum,
1091 2300 1159 2367 aive
1188 2300 1314 2367 collatis

163 2401 400 2486 exemplaribus
427 2403 501 2469 fam.
524 2404 569 2487 X;
601 2403 686 2486 quod
716 2408 882 2486 utrumque
903 2403 936 2468 in
960 2423 1015 2469 eos
1042 2403 1157 2470 cadere
1179 2401 1314 2468 videtur.
1368 2439 1371 2444 ι

162 2505 257 2586 Nam,
280 2509 314 2570 ut
328 2503 453 2570 mittam
469 2509 719 2572 correcturarum
741 2504 916 2589 specimina
929 2505 1080 2590 proferre,
1103 2525 1134 2572 v.
1150 2497 1315 2593 ἀκήρατον

162 2610 188 2692 Ι,
207 2611 277 2691 127,
293 2609 333 2670 30
357 2606 531 2673 divinando
554 2615 639 2674 certe
660 2628 724 2674 non
747 2614 923 2674 correctum
938 2613 1043 2674 estex
1067 2601 1232 2692 ἅκαισνον,
1255 2605 1315 2674 sed

164 2730 206 2776 ex
226 2711 259 2776 X
288 2707 445 2777 haustum.
490 2709 556 2776 Sed
585 2710 670 2793 quod
697 2709 738 2776 de
761 2709 857 2788 SgA
885 2711 987 2794 valet,
1016 2729 1079 2776 nou
1107 2709 1193 2776 idem
1219 2745 1261 2755 -
1282 2708 1315 2772 iu

164 2813 288 2880 lacunis
304 2812 587 2896 Sangermanensis
609 2846 651 2857 -
667 2810 792 2878 desolo
808 2813 837 2876 A
853 2811 962 2878 valere
985 2811 1156 2879 tenendum
1179 2817 1238 2895 est,
1261 2810 1316 2892 qui

163 2915 266 2982 multa
285 2914 460 3000 peculiaria
475 2913 554 2980 vitia
569 2913 666 2981 subiit
680 2933 743 2978 non
759 2913 800 2976 ab
816 2913 992 2998 archetypo
1007 2915 1037 2980 Y
1051 2915 1196 2999 repetita.
1234 2913 1316 2993 Quin

165 3017 263 3085 etiam
285 3017 318 3082 in
341 3035 404 3082 una
427 3017 549 3083 vita-
565 3016 690 3082 Luculli
711 3015 860 3081 nimirum
874 3017 1002 3084 -fons
1025 3016 1142 3083 codicis
1158 3018 1196 3101 A,
1220 3016 1314 3083 colla·

164 3129 215 3188 tus
231 3140 301 3186 cum
318 3119 494 3204 exemplari
509 3121 583 3185 iam.
599 3119 641 3202 X,
664 3117 855 3202 compluries
877 3117 963 3182 illius
985 3118 1171 3186 mendorum
1193 3137 1316 3184 veneno

163 3239 312 3307 aspersus
342 3228 406 3304 est,
436 3227 468 3288 et
490 3223 573 3288 hauc
601 3221 812 3306 propaginem
839 3219 915 3287 iam.
941 3221 989 3304 X,
1019 3241 1060 3287 ex
1089 3241 1154 3303 qua
1183 3220 1317 3285 vitiosas

163 3323 319 3390 lectiones
341 3328 502 3390 mutuatus
526 3331 584 3409 est,
606 3325 710 3408 ipsum
726 3321 1020 3390 Seitenstcttensem
1042 3343 1216 3408 agnoscere
1238 3321 1316 3386 mibi

163 3423 276 3494 videor
302 3424 391 3492 hisce
417 3426 496 3492 locis
523 3427 671 3510 repertis:
699 3427 745 3508 ll,
776 3427 882 3509 504,9
905 3418 1044 3510 ἤλαυνεν
1073 3447 1130 3510 pro
1160 3417 1317 3509 ἤθροιζεν

166 3529 221 3610 (ex
250 3548 280 3594 v.
310 3524 343 3610 7)
372 3527 410 3594 St
438 3529 481 3611 A,
516 3533 588 3610 505,
611 3534 629 3593 6
657 3527 939 3612 βουλευσαμένους
968 3549 1026 3613 pro
1054 3524 1317 3611 βουλευσάμενος

164 3631 194 3696 Α
217 3629 254 3694 St
275 3628 330 3711 Ρη
361 3632 433 3712 507,
450 3632 490 3692 29
512 3632 560 3714 τη]
583 3632 656 3714 θεῷ
678 3650 735 3713 pro
757 3631 797 3715 τῇ
820 3629 858 3694 St
880 3629 924 3712 A;
955 3634 1083 3714 521,13
1105 3626 1164 3716 τὴν
1186 3624 1317 3716 γραφὴν

164 3755 222 3819 pro
242 3729 407 3817 Τιγράνην
422 3729 558 3815 Astur,
582 3736 653 3815 536,
670 3737 688 3795 4
704 3724 859 3816 ὄρνυ’νιον
875 3730 1042 3814 AStF⁸03
1068 3736 1139 3814 541,
1156 3736 1196 3796 30
1213 3727 1317 3796 ἑπτα-

164 3835 323 3916 κισχίλιοι
350 3853 407 3918 pro
436 3829 705 3914 ἑπτακισχιλίους
734 3833 861 3916 StA03
896 3833 1029 3898 mixtam
1058 3855 1099 3900 ex
1128 3833 1318 3900 lectionibus

164 3939 197 4003 X
220 3945 252 4004 et
273 3937 303 4002 Y
332 3937 465 4002 formam
496 3936 627 4003 exhibet
656 3938 684 4002 A
708 3941 811 4018 543,1
843 3930 1056 4023 ἀπηρηκότας
1082 3927 1319 4021 (ἀπειρηκότας

164 4041 213 4123 Χ,
237 4031 429 4126 ἀπηρκότας
450 4039 502 4116 Y).
546 4038 691 4106 Alterum
714 4045 820 4106 autem
843 4057 944 4122 genus
969 4039 1155 4122 lectionum,
1184 4057 1264 4122 quas
1286 4037 1318 4102 in

166 4141 376 4210 deterioribus
387 4143 462 4208 iam.
473 4141 504 4208 Y
515 4139 604 4208 libris
616 4159 711 4208 sanas
726 4140 861 4225 legimus
877 4145 987 4208 contm
1002 4140 1141 4207 omnium
1155 4140 1318 4223 librorum,
