3188 4758
768 267 982 330 ..28-

298 455 465 502 numerum
480 435 577 502 etiam
598 454 718 519 augere
739 455 887 519 possum3
911 455 987 520 ergo
1010 434 1131 503 codicis
1153 435 1180 500 L
1201 433 1363 520 pracsidio
1385 436 1451 504 ubi-

300 555 362 620 que
383 537 479 604 facile
502 556 656 602 caremus.

385 639 476 719 Quae
498 638 539 704 de
561 640 588 704 L
611 638 748 706 disserui
770 659 874 723 paene
896 647 1042 726 repetere
1064 639 1149 724 licet,
1173 659 1243 706 cum
1266 638 1309 706 ad
1330 640 1406 706 libri
1427 641 1453 706 F

300 740 519 810 condicionem
536 739 779 808 describendam
795 741 924 826 accedo,
940 761 1035 825 quem
1049 743 1082 808 in
1097 741 1172 808 vitis
1187 742 1283 826 Ages.
1299 743 1452 828 etPomp.

299 843 437 910 Parisini
459 845 486 910 L
507 850 616 928 partes
638 844 816 929 suscepisse
838 843 1013 911 existimes.
1059 845 1101 910 lut
1129 844 1197 911 eius
1220 861 1347 927 quoque
1372 843 1453 911 fides

299 946 439 1014 laeditur
453 945 752 1030 interpolationibus
767 950 803 1012 ut
816 946 874 1030 ΙΙΙ,
889 949 961 1030 204,
978 950 996 1011 3
1021 937 1170 1034 ἀνῃρέθη
1195 937 1227 1011 d'
1247 941 1374 1029 ὁμοίως
1395 967 1452 1031 pro

300 1040 383 1135 ἀνὴρ
406 1041 547 1132 ὁμοίως,
571 1051 643 1130 211,
660 1051 700 1110 25
723 1045 917 1128 πολλαχόθι
941 1040 1058 1114 ἆκτικὰ
1081 1049 1138 1114 καὶ
1160 1047 1354 1136 φρυκτώρια
1377 1073 1452 1116 πει-

300 1147 418 1236 ρατικὰ
441 1173 526 1234 τετ.,
549 1153 623 1234 219,
647 1153 685 1216 18
709 1147 869 1234 συνήθεις
892 1147 1052 1236 [φίλους],
1085 1155 1154 1235 165,
1174 1155 1214 1214 26
1245 1155 1453 1239 προσηγορίᾳ

299 1273 356 1337 pro
372 1257 608 1338 προσωνυμία,
635 1255 705 1337 184,
723 1256 762 1317 12
779 1244 1004 1337 ἀναγκασθεὶς
1026 1272 1084 1337 pro
1104 1245 1359 1340 ἀναγορευθείς,
1381 1256 1452 1338 208,

300 1359 341 1420 28
363 1339 468 1442 ἦλθεν
490 1375 549 1439 pro
570 1337 626 1439 ἦν,
650 1358 688 1418 31
713 1358 874 1439 γενέσθαι
895 1374 953 1438 pro
976 1358 1168 1421 ποιεῖσθαι.

385 1457 532 1538 Denique
554 1455 632 1538 quid
654 1455 696 1523 de
718 1455 828 1524 codice
850 1458 877 1522 B
899 1455 1037 1524 iudicem
1059 1458 1199 1524 incertus
1221 1478 1303 1542 sum,
1331 1457 1365 1523 in
1387 1455 1453 1523 vita

300 1557 395 1624 Fabii
423 1566 507 1624 certe
529 1558 605 1624 fam.
627 1559 659 1623 X
681 1559 867 1624 memoriam
890 1579 953 1642 non
975 1559 1080 1626 minus
1103 1565 1286 1627 constanter
1314 1559 1451 1645 emplcc

300 1659 376 1726 titur
391 1680 487 1744 quam
502 1660 552 1743 Fr,
574 1679 801 1743 nonnunquam
818 1661 915 1727 etiarn
931 1662 1034 1744 magis
1050 1667 1232 1747 corruptum
1254 1681 1289 1728 se
1310 1662 1451 1746 praebet

298 1761 383 1827 Num
406 1771 513 1827 autem
532 1761 614 1828 tales
636 1762 838 1829 differentiae
861 1763 974 1845 quales
997 1767 1070 1844 348,
1096 1767 1133 1828 10
1157 1760 1374 1844 πανταχόθεν
1395 1783 1451 1847 pro

298 1861 489 1946 πάντοθεν,
513 1866 585 1947 362,
604 1867 641 1928 16
659 1855 825 1949 ἀγάσαιτο
848 1885 906 1949 pro
928 1857 1093 1953 ἠγάσατο,
1118 1869 1191 1950 370,
1210 1869 1228 1929 5
1252 1856 1452 1950 ἀνατρέψειν

298 1987 357 2052 pro
373 1957 582 2051 ἀποτρέψειν
596 1986 709 2033 ansam
725 1966 803 2033 dent
818 1967 862 2034 ad
876 1967 1096 2034 infamandam
1111 1967 1233 2034 librarii
1244 1966 1453 2052 diligentiam,

296 2069 331 2134 in
353 2067 459 2135 medio
481 2069 636 2150 relinquo.
1392 2082 1393 2094 ¹

384 2172 435 2237 De
456 2171 611 2237 Marciani
633 2173 695 2236 385
711 2177 819 2238 autem
833 2170 943 2238 indole
960 2171 1006 2237 nil
1028 2171 1135 2238 habeo
1158 2171 1244 2255 quod
1265 2191 1451 2257 proponam,

298 2272 360 2339 nisi
383 2271 485 2356 quod,
515 2279 669 2354 quantum
701 2272 830 2354 quidem
853 2293 894 2339 ex
918 2274 1023 2358 parcis
1051 2275 1239 2358 fragmentis
1261 2295 1282 2339 a
1303 2275 1453 2342 Michaeli

280 2387 282 2392 ·
300 2373 426 2441 emissis
441 2374 609 2459 colligitur,
632 2373 729 2441 modo
743 2375 875 2461 propius
890 2375 933 2441 ad
948 2376 985 2443 St
1004 2377 1179 2449 bonitatem
1201 2376 1334 2461 accedit,
1357 2377 1451 2444 modo

298 2475 426 2560 longius
447 2481 588 2542 remotus
611 2483 661 2542 est
683 2495 780 2559 quam
803 2477 908 2544 ceteri.

385 2577 541 2646 Absoluto
556 2578 653 2645 totius
668 2577 833 2662 progeniei
847 2579 878 2643 X
894 2598 1038 2664 recensu,
1060 2580 1125 2647 iam
1148 2578 1372 2662 inquirendum
1395 2586 1450 2663 est,

300 2680 492 2763 quibusnam
507 2682 706 2766 cognationis
721 2681 857 2748 vinculis
871 2681 955 2748 inter
976 2701 1011 2749 se
1034 2683 1193 2750 coniuncti
1215 2684 1279 2750 sint
1299 2683 1374 2749 libri
1394 2683 1448 2750 illi.

298 2785 406 2864 Atque
432 2782 493 2850 hoe
523 2783 659 2868 primum
690 2783 940 2850 demonstratum
969 2785 1044 2852 volo
1067 2784 1366 2867 Seitenstettcnsem
1397 2805 1448 2852 nc

300 2904 462 2968 quaquam
477 2885 596 2952 fontem
619 2891 796 2953 ceterorum
817 2886 894 2952 fam.
909 2887 942 2951 X
955 2885 1109 2953 librorum
1131 2905 1202 2953 esse
1210 2886 1248 2971 1),
1272 2885 1358 2968 quod
1380 2906 1450 2953 cum

297 3008 357 3072 per
378 3007 414 3054 se
436 3008 549 3072 pamm
571 2987 639 3053 veri
669 2988 774 3055 simile
802 2988 860 3072 sit,
888 3008 960 3054 cum
988 2987 1176 3072 respicimus
1203 2995 1350 3054 naturam
1378 2988 1450 3056 libri

298 3090 486 3158 correcturis
508 3094 616 3156 aetate
639 3090 829 3175 aequalibus
852 3090 967 3175 repleti
988 3097 1086 3172 atque
1110 3091 1287 3174 obscurati,
1318 3109 1450 3174 quarum

298 3211 416 3277 magna
430 3211 505 3276 pars
521 3197 606 3258 certe
621 3192 703 3258 falso
718 3191 752 3257 in
767 3192 989 3277 apographum
1000 3176 1157 3277 fluxisset,
1172 3193 1269 3278 plane
1285 3193 1449 3276 refellitur,

298 3294 456 3377 siquidem
471 3295 573 3360 multa
594 3293 713 3360 menda
728 3293 1000 3368 Seitenstettensis
1021 3296 1055 3360 in
1078 3295 1193 3362 ceteris
1219 3295 1341 3362 evitata
1362 3295 1447 3363 vide-

298 3415 386 3476 mus,
415 3413 498 3477 quae
519 3417 584 3462 non
606 3397 714 3463 omnia
737 3415 777 3462 ea
799 3403 872 3462 sunt
893 3401 929 3462 ut
951 3396 1076 3463 scribae
1098 3417 1197 3482 opera
1219 3398 1338 3481 expelli
1359 3405 1447 3483 potu·

299 3498 389 3564 erint.
434 3497 575 3564 Gravius
598 3497 694 3564 ctiam
717 3503 766 3564 est
788 3497 875 3580 quod
896 3499 1076 3582 complures
1097 3499 1130 3564 in
1147 3498 1184 3564 St
1205 3498 1296 3566 hiant
1317 3500 1449 3566 lacunae

300 3617 380 3681 quas
405 3599 504 3666 ceteri
531 3605 618 3664 recte
647 3600 831 3684 explerunt,
860 3604 896 3666 ut
916 3600 948 3683 I,
973 3602 1049 3685 108,
1073 3607 1108 3685 4,
1133 3605 1210 3684 125,
1233 3604 1290 3685 24,
1314 3604 1392 3686 218,
1415 3605 1447 3684 8,

299 3703 592 3785 229,3;242,15;
617 3705 689 3784 244,
712 3703 768 3784 24,
792 3703 865 3785 252,
889 3705 944 3786 ιο,
968 3705 1040 3786 259,
1064 3709 1100 3788 ο,
1122 3706 1195 3786 ner,
1221 3706 1449 3788 14;noo‚31;

300 3804 372 3885 286,
388 3805 444 3886 30,
468 3805 540 3885 300,
559 3805 695 3869 24-25.
731 3802 772 3886 ΙΙ,
797 3804 868 3886 179,
891 3806 948 3888 30,
973 3807 1044 3887 195,
1067 3807 1123 3888 20,
1171 3807 1242 3889 197,
1267 3809 1301 3889 1,
1325 3809 1398 3889 218,
1413 3807 1447 3888 8,

299 3906 371 3986 528,
395 3906 445 3970 27.
478 3903 535 3986 ΙΠ,
558 3908 631 3987 205,
655 3907 704 3988 19,
728 3903 843 3988 quibus
866 3905 1020 3972 educitur
1041 3906 1084 3972 ad
1107 3907 1145 3972 St
1167 3909 1231 3975 u'on
1253 3906 1450 3976 revocandos

328 4106 335 4114 ’
386 4126 410 4190 1)
428 4121 500 4190 quod
518 4121 614 4176 statuit
631 4121 772 4178 Michaelis
790 4139 817 4192 p.
837 4128 861 4178 7.
