3188 4758
767 250 979 309 ..50-

298 413 469 496 πολεμίων
484 435 542 500 pro
565 415 714 482 πολιτῶν
737 414 782 500 (v.
798 419 838 481 29
854 414 1062 500 πολεμίους),
1084 417 1125 498 11,
1141 419 1213 499 231,
1228 420 1247 481 6
1263 413 1444 503 φιλόφρονι

297 537 354 601 pro
371 515 549 604 φιλοπόνῳ
570 515 763 605 (σώφρονι),
786 520 843 602 ΙΠ,
862 523 982 601 180,11
1002 515 1275 601 σονοικιζομένων
1290 539 1347 604 μισ
1363 539 1444 601 σομ-

297 623 530 706 πορευομένων
552 619 633 702 (ν.9
657 618 884 708 οἰκιζομένης),
910 625 980 706 197,
997 624 1036 686 32
1061 620 1214 686 Σικελίαν
1235 641 1294 705 μιο
1305 611 1444 686 Ἰταλίαν

298 722 343 802 (v.
361 721 424 806 28).
462 721 658 800 Quinetiam
674 741 713 790 ec
728 743 913 809 progressus
929 731 979 792 est
992 722 1224 808 neglegentiae,
1240 729 1275 792 ut
1290 727 1444 790 construc-

295 823 414 890 tionem
429 825 598 891 verborum
614 845 650 890 se
671 824 897 910 excipientium
919 825 1004 892 male
1025 825 1223 892 intellectam
1245 845 1286 891 ex
1308 824 1442 908 ingenio,

295 933 329 992 at
351 925 528 993 mconrulto
550 927 672 1011 opinor,
695 928 887 1010 immutaret,
909 933 945 994 ut
966 928 991 1012 I,
1018 929 1087 1010 139,
1110 930 1150 991 32
1174 925 1314 1012 φίλτρον
1337 923 1443 1009 ἐγεμί-

297 1025 377 1104 ξατο
394 1049 450 1115 μισ
467 1026 616 1111 ἐμμίξας,
642 1033 712 1115 148,
729 1035 770 1095 20
788 1029 946 1116 καθάπερ
970 1025 1133 1116 ἁρμονίαν
1155 1027 1256 1113 λύρας
1272 1078 1279 1093 .
1297 1079 1305 1093 .
1322 1079 1330 1093 .
1347 1078 1355 1094 .
1372 1025 1439 1094 ἐπέ-

294 1154 382 1196 τεινε
395 1129 455 1217 τὴν
470 1129 638 1218 Σπάρτην,
653 1153 711 1217 μισ
727 1127 916 1218 ἁρμονικοί,
947 1140 1012 1217 155,
1032 1137 1069 1197 12
1086 1128 1323 1235 διαγορεφοντα
1338 1129 1439 1216 δούλην

295 1254 353 1317 μισ
369 1233 504 1318 δοῦλον,
527 1236 600 1316 211,
617 1239 635 1297 5
651 1225 790 1317 οὐδεμία
809 1238 936 1320 γένεσιν
959 1233 1050 1316 έσχεν
1072 1255 1129 1319 pro
1152 1236 1292 1317 γένεσις,
1317 1235 1388 1316 246,
1405 1237 1441 1297 26

295 1339 442 1419 παρέσχε
456 1333 498 1400 τὰ
519 1333 624 1402 οἰκεῖα
647 1357 704 1420 μισ
727 1335 814 1402 οίκοι
830 1339 871 1404 al.
915 1336 1038 1415 Quibus
1060 1336 1139 1402 locis
1162 1336 1190 1401 si
1212 1335 1343 1401 crimine
1364 1336 1443 1402 iner-

294 1439 359 1504 tiae
375 1445 472 1519 atque
486 1458 550 1504 non
565 1438 682 1504 calami
703 1439 816 1524 solum,
839 1439 969 1506 minime
991 1439 1159 1506 absolvere
1180 1456 1349 1522 possumus
1370 1436 1443 1504 scri·

295 1540 380 1624 bam,
402 1547 437 1606 at
451 1539 603 1606 discimus
625 1559 722 1625 quam
745 1547 841 1608 tenne
863 1542 931 1610 eius
953 1541 1114 1625 ingenium
1138 1547 1170 1607 et
1192 1558 1287 1621 quam
1310 1545 1444 1621 angusta

293 1661 429 1726 graecae
451 1643 579 1726 linguae
600 1643 734 1710 scientia
755 1643 858 1712 fuerit.

380 1744 446 1811 Sed
461 1745 526 1811 alia
536 1752 637 1812 restat
650 1746 775 1831 speeies
789 1745 985 1829 mendorum,
1002 1764 1098 1828 quam
1112 1764 1177 1812 non
1191 1743 1443 1829 praetermittere

293 1845 368 1914 licet
389 1846 417 1912 si
439 1846 534 1914 modo
549 1855 636 1914 recte
656 1848 798 1916 iudicare
819 1851 975 1932 volumus,
998 1865 1145 1930 quaeque
1167 1847 1275 1913 nescio
1289 1869 1332 1914 an
1346 1847 1441 1914 fidem

292 1949 415 2015 librarii
425 1951 612 2018 imminuere
624 1951 747 2016 valeat:
762 1971 825 2017 non
840 1950 911 2017 dico
927 1951 1059 2018 voculas
1076 1950 1141 2032 καὶ,
1157 1947 1204 2034 δὲ,
1218 1938 1240 2035 ἢ
1254 1949 1376 2016 similes
1391 1949 1442 2016 hic

292 2051 362 2118 illic.
373 2052 442 2119 sine
458 2071 556 2118 causa
571 2058 693 2120 textum
709 2073 841 2120 onerare
860 2051 989 2136 (egl,
1009 2056 1078 2134 117,
1096 2055 1150 2135 12,
1177 2053 1246 2134 119,
1263 2055 1298 2135 6,
1326 2055 1440 2136 176,1,

293 2157 365 2236 224,
382 2155 474 2238 691,
502 2160 571 2238 151,
588 2161 606 2218 5
621 2143 643 2242 ἢ
659 2150 729 2240 [εἰς]
745 2156 867 2239 ταῦτα,
893 2158 963 2239 195,
979 2159 998 2216 4
1015 2145 1242 2240 [ἆν]έξαινον);
1265 2153 1351 2220 ineo
1367 2173 1439 2236 quo·
1573 2167 1574 2176 ’

293 2275 356 2338 que
378 2257 511 2324 coniveo
535 2256 620 2340 quod
649 2257 849 2340 corruptelae
877 2275 1102 2338 nonnunquam
1130 2254 1250 2322 homini
1277 2256 1439 2338 graviores

292 2357 394 2424 videri
419 2363 568 2443 possunt,
598 2377 694 2440 quam
724 2376 803 2440 quas
832 2358 874 2424 ab
904 2376 1009 2425 errore
1037 2357 1194 2443 proiectas
1221 2362 1327 2441 putet,
1356 2359 1442 2424 velut

292 2461 318 2542 Ι,
337 2463 407 2542 156,
423 2463 442 2524 6
458 2457 494 2523 δέ
516 2462 625 2542 πειρῶ
648 2477 704 2545 pro
729 2451 760 2523 δ’
781 2459 915 2545 ἱμείρω,
942 2465 1011 2544 178,
1027 2462 1067 2525 32
1090 2450 1257 2542 ὀνομάσαι
1278 2480 1336 2543 pro
1358 2451 1440 2526 e’rvo-

290 2559 444 2644 μάσθαι,
475 2563 544 2644 198,
569 2567 608 2626 11)
632 2563 836 2643 στρατιῶται
857 2583 916 2648 pro
945 2562 1097 2652 στρατοὶ,
1127 2565 1200 2645 212,
1222 2564 1263 2624 29
1285 2560 1440 2628 κατεονά·

292 2684 393 2729 σαντο
422 2683 480 2747 μισ
501 2660 759 2749 κατηυλίσαντο,
790 2668 872 2747 226,
894 2669 911 2728 7
937 2656 1038 2750 ἀρχὴν
1066 2679 1123 2748 pro
1153 2654 1268 2748 ἀλκὴν,
1299 2667 1377 2748 253,
1402 2669 1439 2731 18

292 2767 476 2852 στρατηγοῦ
507 2785 564 2851 pro
593 2768 752 2850 στρατοῦ,
782 2771 854 2851 257,
877 2773 895 2832 3
918 2767 1042 2848 τιμῶσι
1069 2785 1126 2850 μισ
1156 2763 1276 2851 δρῶσι,
1305 2771 1378 2851 283,
1400 2773 1438 2834 30

291 2871 425 2956 γένηται
439 2888 498 2953 μισ
514 2867 663 2954 λέγηται,
681 2871 752 2951 292,
769 2872 788 2934 8
804 2861 1004 2953 ἆναόραμαλν
1019 2888 1076 2953 μιο
1093 2860 1287 2952 ἀναθορὼν,
1312 2873 1384 2955 337,
1403 2877 1434 2934 11

290 2974 450 3056 γενέσθαι
465 2989 523 3054 pro
539 2964 713 3056 ἡγεῖσθαι,
737 2976 808 3055 355,
824 2975 860 3036 21
878 2968 1022 3054 χαλάζης
1036 2990 1093 3054 pro
1110 2966 1217 3055 ζάλης.
1253 2970 1295 3052 Η,
1314 2974 1384 3055 161,
1399 2975 1437 3038 32

290 3069 500 3139 πΛΟοΤΟΥ
516 3094 574 3158 μισ
589 3069 763 3156 ΛΟΓΟΥ,
790 3078 859 3156 166,
876 3070 1005 3158 3χάριν
1028 3069 1110 3153 έχων
1132 3091 1190 3156 pro
1208 3076 1337 3155 χαίρειν
1360 3069 1435 3157 έιῦν,

293 3179 362 3259 166,
378 3177 419 3240 28
432 3173 739 3261 χροσΟΝΕΙΑΤΟν
754 3195 812 3258 pro
824 3170 1290 3261 χροσΟΝΑΝΕΙΛεΤΟΤΟν,
1313 3180 1382 3259 176,
1402 3178 1436 3240 18

290 3270 490 3361 ἀγνοοῦντας
508 3297 565 3361 μισ
589 3269 825 3362 ἀγνοούμενον,
851 3281 921 3362 178,
937 3281 956 3342 9
973 3271 1164 3364 προῦφερον
1186 3296 1243 3359 μιο
1266 3271 1436 3364 προῦφαι-

290 3403 360 3460 νον,
391 3381 463 3463 208,
487 3381 524 3442 27
548 3380 676 3464 uastae
697 3400 754 3464 μιο
776 3381 944 3466 καθῆστο,
974 3381 1046 3461 229,
1070 3383 1111 3442 24
1132 3374 1216 3443 κατὰ
1246 3375 1283 3444 τὸ
1313 3377 1435 3445 τελειό-

288 3503 384 3565 τερον
416 3464 456 3564 ἦν
489 3500 547 3564 μισ
579 3482 699 3546 κτᾶται
726 3482 944 3569 τελειοτέραν.
994 3482 1056 3565 ΙΙΙ,
1073 3484 1136 3565 37,
1163 3487 1200 3546 10
1229 3478 1348 3568 ἔφερον
1381 3502 1435 3567 pro
1569 3497 1570 3514 ¹

289 3577 478 3666 ἐνηνοχότες
499 3580 544 3664 (v.
569 3584 587 3647 8
611 3580 752 3668 ελεγον),
785 3587 854 3667 168,
877 3586 917 3648 29
939 3587 1144 3668 θεραπείαις
1173 3604 1230 3668 μισ
1255 3586 1435 3668 Θεσπιαῖς,

289 3686 396 3765 2039
417 3677 561 3767 ὑγιεινὸν
582 3705 640 3769 μισ
661 3679 827 3769 ὑγιαῖνον,
849 3705 924 3752 nam
945 3687 1006 3752 etsi
1032 3705 1149 3771 graeca
1170 3685 1271 3752 verba
1291 3686 1437 3752 restitute

288 3783 451 3867 videmus,
481 3793 589 3854 tamen
609 3787 653 3854 acl
676 3807 771 3854 unum
801 3788 908 3854 omnia
934 3787 1114 3856 sententiae
1142 3807 1270 3869 prorsus
1298 3788 1435 3872 obstant,
1568 3785 1569 3832 ³

288 3885 334 3952 ita
348 3892 384 3954 ut
398 3907 438 3952 ne
454 3907 516 3954 uno
532 3887 660 3970 quidem
682 3889 753 3956 loco
776 3890 918 3974 ambigui
940 3889 1039 3957 simus
1062 3889 1102 3957 de
1123 3889 1262 3973 genuina
1283 3889 1436 3958 lectione:

288 3988 370 4056 haec
385 3987 456 4056 dico
478 3990 558 4056 vitia
578 3991 621 4056 ad
644 4009 777 4073 quorum
800 3991 954 4077 originem
976 3989 1178 4060 enodandam
1200 3992 1346 4060 omuibus
1368 3993 1436 4060 fere
1567 4035 1568 4074 4

287 4091 417 4159 auxiliis
438 4091 556 4176 privati
577 4112 699 4160 sumus:
720 4096 745 4178 Ι,
765 4096 834 4176 139,
851 4097 888 4159 31
915 4090 1085 4177 ἀνειμένον
1109 4090 1256 4181 [πλῆρες]
1280 4091 1436 4161 ἐκκέκοπ-
