3188 4758
729 266 924 328 -6-

252 430 471 514 laudavimus,
501 431 649 498 lectionis
679 431 871 501 discordiam
901 438 1005 500 ortam
1027 452 1098 500 esse
1119 433 1407 518 interpretamentis

239 535 333 616 ⁴falso
355 533 386 599 in
409 538 533 600 textum
554 533 742 618 importatis.
791 533 881 614 Quae
904 554 975 601 cum
998 535 1232 602 considerarem
1254 535 1406 602 nonnulla

252 635 382 720 quidem
404 635 530 720 repperi
553 637 718 720 exempla,
741 637 773 703 in
797 638 913 720 quibus
936 657 977 704 ea
999 638 1206 706 excusatione
1228 637 1289 704 frui
1310 637 1407 704 liceat

251 736 391 820 librario,
414 756 486 818 eg.
512 736 587 820 Lyc.
611 741 717 819 tuat
740 736 864 806 ἐκείνου
888 743 1142 823 κρείττονας-
1164 737 1263 823 τήνου
1285 737 1407 824 κάρρο·

252 863 327 924 νας,
358 844 435 921 116,
457 842 498 903 20
521 835 579 904 τὸν
601 843 796 927 Λυκοῦργον
818 879 861 888 -
882 834 998 917 αὐτους
1030 841 1095 908 Sol.
1121 845 1197 926 170,
1224 845 1261 904 12
1290 839 1407 906 δουλο-

253 941 352 1029 σύνην
367 978 408 987 -
425 939 576 1028 ὂουλίην;
600 941 711 1009 Them.
728 946 854 1027 222,19
877 941 1117 1031 Αἰγινῆται-
1133 945 1308 1030 νησιῶται,
1334 947 1406 1028 290,

255 1049 293 1110 13
318 1037 450 1128 ἀμύνων
467 1079 508 1088 -
523 1043 783 1129 παριστάμενος.
824 1045 865 1131 Ι(Ι
885 1064 1012 1130 quoque
1034 1043 1208 1111 concedam
1232 1045 1305 1111 aliis
1326 1045 1406 1112 locis

253 1167 292 1213 ea
314 1165 397 1229 quae
418 1145 564 1229 proxime
586 1151 824 1215 antecesserant
850 1148 986 1214 invitum
1008 1146 1172 1212 librarium
1194 1146 1406 1214 commovisse

251 1255 287 1315 ut
308 1248 413 1314 simile
436 1245 589 1329 quiddam
611 1246 776 1331 redderet,
799 1255 887 1316 recta
908 1269 988 1316 voce
1012 1248 1162 1332 expulsa,
1190 1253 1225 1312 nt
1246 1248 1310 1332 111,
1335 1253 1405 1332 143,

254 1355 295 1416 28
317 1351 428 1435 procul
450 1348 548 1416 dubio
570 1355 681 1415 auctor
695 1351 862 1436 archetypi
877 1351 1008 1418 alterius
1023 1350 1165 1416 familiae
1186 1348 1406 1436 μιμήσασθαι

251 1452 378 1538 scripsit
406 1472 463 1537 pro
493 1447 725 1536 ποιήσασθαι,
756 1455 832 1534 qnia
860 1454 965 1520 animo
995 1452 1101 1519 adhuc
1122 1451 1352 1519 obversabatur
1373 1474 1404 1520 ν.

250 1554 445 1622 antecedens
459 1554 622 1640 poppedio.
660 1554 729 1621 Nec
744 1555 838 1623 aliter
852 1556 1052 1641 explicantur
1068 1552 1133 1621 Sol.
1153 1557 1224 1636 163,
1243 1559 1279 1618 17
1296 1574 1405 1640 προσ-

252 1660 451 1746 φερομένοις
470 1677 529 1742 pro
545 1661 811 1742 προσαγομένοις
833 1659 903 1725 coll.
919 1679 950 1724 v.
970 1663 1019 1738 15,
1041 1656 1154 1722 Tbem.
1171 1658 1244 1740 226,
1260 1659 1298 1720 21
1316 1680 1405 1742 παρ-

250 1757 351 1836 όντας
373 1781 431 1844 pro
455 1759 599 1836 πολίτας
622 1760 693 1826 coll.
715 1779 743 1826 v.
761 1763 818 1842 20,
841 1759 929 1827 Cam.
953 1763 1027 1842 297,
1043 1762 1084 1822 29
1105 1755 1325 1845 καταστήσειν
1346 1779 1406 1844 pro

253 1859 400 1946 ἱδρύσειν
422 1862 494 1930 coll.
518 1881 548 1926 v.
570 1859 792 1950 καταστάσης,
815 1863 911 1944 Ages.
934 1861 997 1944 III,
1024 1865 1094 1944 180,
1119 1867 1151 1925 11
1181 1860 1406 1943 συνοικιζομέ-

252 1987 318 2030 νων
340 1984 397 2049 pro
422 1967 722 2048 συμπορευομένων
746 1965 817 2030 coll.
833 1985 864 2030 v.
881 1967 909 2028 9.
944 1961 1010 2029 Sed
1032 1964 1116 2030 tales
1138 1965 1236 2047 locos,
1258 1962 1406 2048 quamvis

253 2066 542 2150 circumspexerim,
564 2085 741 2151 perpaucos
763 2065 846 2131 erni:
869 2066 949 2132 satis
970 2063 1079 2150 ampla
1095 2064 1189 2149 copia
1211 2071 1318 2148 restat,
1341 2085 1406 2148 qua

251 2166 295 2233 ad
317 2167 587 2252 comprobandam
608 2167 799 2234 sententiam
821 2174 956 2234 utamur.

337 2270 502 2336 Habemus
523 2271 621 2354 igitur
644 2287 831 2353 persuasum
852 2269 989 2335 alterum
1011 2273 1175 2335 anctorum
1198 2267 1350 2334 librorum
1372 2267 1404 2332 X

253 2377 286 2438 et
306 2373 346 2456 Y,
369 2371 430 2438 nisi
453 2391 529 2437 vero
552 2370 717 2437 existimes
740 2376 922 2453 utrumque,
945 2371 978 2437 in
1000 2369 1203 2456 depingendo
1227 2367 1404 2452 exemplari

252 2472 401 2540 novando
432 2478 464 2538 et
490 2469 712 2556 interpolando
741 2471 1009 2555 perniciosissime
1036 2473 1070 2538 in
1099 2476 1222 2538 textum
1251 2470 1403 2538 saevisse.

253 2573 325 2654 Qua
346 2581 455 2640 autem
477 2575 601 2640 ratione
615 2590 817 2656 progressum
832 2593 903 2640 esse
925 2575 1028 2641 virum
1044 2573 1171 2641 doctum
1193 2573 1284 2638 illum
1306 2571 1406 2656 tinga-

252 2699 324 2744 mus
352 2697 424 2744 cum
450 2683 572 2743 textum
594 2693 686 2741 suum
709 2676 937 2742 constitueret?
981 2677 1110 2760 Duplex
1139 2677 1172 2741 ni
1194 2676 1289 2742 fallor
1314 2681 1405 2759 patet

252 2779 308 2846 via
329 2779 486 2846 rationem
507 2777 788 2862 persequentibus:
811 2777 948 2862 primum
970 2778 1094 2863 opinari
1111 2779 1195 2863 licet,
1218 2774 1404 2846 coniciendo

253 2887 285 2948 et
313 2878 487 2957 divinando
515 2879 605 2944 illum
639 2879 757 2946 tradita
790 2880 890 2948 verba
916 2880 1114 2963 inquinasse;
1149 2878 1183 2944 id
1217 2878 1303 2961 quod
1332 2877 1405 2963 ipsa

251 2982 453 3066 redarguitur
475 2982 607 3048 levitate
635 2989 667 3048 et
694 2982 819 3049 vilitate
848 2982 1065 3049 mutationum.
1111 2981 1189 3060 Quis
1212 2979 1296 3046 enim
1318 2978 1403 3047 coni·

252 3086 358 3154 ciendi
380 3082 512 3150 libidine
534 3082 711 3150 adducetur
738 3090 773 3149 ut
799 3103 868 3168 pro,
884 3083 986 3168 λέγοιτ
1016 3087 1116 3170 φησί,
1146 3102 1204 3166 pro
1228 3079 1405 3166 caparronia:

252 3188 391 3272 δύναμιν
397 3238 406 3267 ,
429 3207 486 3272 pro
508 3184 639 3252 τοιάὸει
660 3185 798 3272 τοιαύτη
820 3185 976 3270 reponat?
1013 3185 1113 3251 Multo
1136 3183 1333 3268 probabilius
1355 3189 1405 3250 est

251 3292 354 3358 altera
375 3289 497 3355 ratione
526 3293 574 3355 tot
598 3293 731 3374 peccata
760 3288 957 3355 commisisse
979 3287 1158 3352 librarium:
1188 3305 1304 3372 nempe
1332 3305 1404 3352 cum

252 3389 502 3474 unumquodque
525 3391 721 3457 enuntiatum
736 3396 837 3456 totum
852 3389 1050 3474 perlegisset,
1073 3386 1189 3454 deinde
1211 3409 1228 3455 e
1250 3388 1406 3456 memoria

252 3492 449 3578 depingeret,
471 3513 597 3559 sensum
613 3494 801 3575 plerumque
819 3490 975 3573 integrum
990 3488 1140 3574 reddidit,
1163 3489 1290 3574 singula
1305 3491 1405 3557 verba

251 3603 381 3678 temere,
396 3614 459 3660 non
475 3595 628 3676 consulto,
651 3592 797 3658 mutavit.
841 3591 934 3671 Quod
957 3593 984 3659 si
1006 3593 1184 3676 statuimus,
1207 3593 1404 3677 intellegitur

251 3696 529 3781 interpolationem
551 3695 704 3779 originem
728 3693 844 3760 ducere
866 3694 908 3759 ab
930 3695 1058 3761 homine
1089 3694 1144 3776 qui
1172 3713 1322 3778 graecam
1344 3693 1403 3760 lin·

250 3817 348 3882 guam
370 3795 544 3862 admodum
565 3796 713 3879 callebat,
737 3795 856 3880 qnippe
879 3796 933 3880 qui
954 3796 1024 3881 ipso
1039 3796 1192 3882 temporis
1210 3796 1314 3880 spatio
1336 3815 1403 3861 ma·
1455 3861 1457 3870 ,

250 3901 338 3967 xime
353 3898 480 3982 exiguo,
503 3919 565 3982 quo
580 3899 769 3984 particulam
786 3897 947 3981 quandam
963 3897 1168 3980 describeret,
1190 3898 1290 3966 verba
1305 3904 1403 3980 atque

250 4001 424 4069 sententias
446 4000 535 4066 nulla
548 4019 648 4085 opera
663 4005 847 4067 convertere
862 3999 996 4067 idoneus
1010 4000 1113 4067 fuerit.
1152 4001 1193 4066 Et
1210 4001 1269 4067 tali
1287 4001 1405 4067 rationi

250 4105 423 4170 maximam
438 4109 563 4188 partem
578 4101 828 4168 differentiarum
851 4099 970 4186 optime
990 4121 1164 4186 congruere
1178 4100 1315 4169 libenter
1337 4122 1403 4168 rne-
