3188 4758
758 277 967 340 ,58-

286 447 370 531 κτλ.;
393 447 433 529 ΙΙ,
452 449 520 530 169,
537 450 577 512 30
593 448 727 530 [robach
748 449 816 530 176,
833 449 872 510 23
889 447 933 523 [οἳ
949 444 1015 522 καὶ]
1031 435 1170 531 ᾦχοντο;
1191 451 1264 534 208,
1283 454 1321 516 12
1343 449 1433 538 [triph

286 551 343 633 III,
369 553 438 633 147,
455 553 495 614 26
519 540 642 627 [sidric]
665 550 815 632 πρῶτος;
848 551 952 630 171,4
975 543 1034 611 τὸν
1063 544 1156 627 [υἱὸν]
1186 547 1434 638 Κλεόμβροτον;

290 655 393 736 173,3
418 649 526 717 οἴεται
554 648 683 716 δίκαιον
707 645 829 730 [sirach
862 651 966 734 183,4
988 649 1090 714 καλοῦ
1113 652 1188 730 [καὶ]
1213 650 1328 737 καιρὸν
1352 654 1435 736 [dell.

286 754 377 834 Quae
398 753 552 820 lectiones
575 771 686 819 omnes
701 751 747 817 ita
769 756 841 818 sunt
863 751 1061 833 constitutae,
1084 761 1119 818 ut
1133 773 1261 821 sensum
1277 757 1435 839 quendam

286 856 469 940 praebeant,
492 856 663 922 nonnullae
680 855 731 922 vcl
746 862 812 920 tam
828 852 949 920 similes
963 857 1037 921 sunt
1057 873 1290 941 germanarum,
1314 863 1349 924 ut
1362 860 1434 926 sub-

286 959 434 1024 tilissima
455 978 535 1044 opus
556 957 598 1025 sit
619 956 825 1041 indagatione
846 954 889 1021 ad
911 954 1154 1040 disceptandam
1176 959 1433 1046 ambiguitatem

192 1095 195 1101 ·
282 1080 347 1143 quo
369 1061 488 1127 factum
510 1066 560 1127 est
581 1065 616 1126 ut
636 1061 809 1145 pleraeque
831 1056 937 1124 adhuc
965 1058 1140 1126 deluserint
1162 1059 1318 1144 editores,
1348 1071 1380 1130 et
1400 1069 1434 1130 ut

285 1164 405 1229 multae
428 1163 462 1228 in
484 1162 624 1230 editione
646 1160 862 1228 Sintenisiana
883 1159 1006 1228 minore
1029 1160 1192 1246 legantur,
1215 1171 1348 1231 cunctae
1369 1168 1433 1232 lere

284 1267 317 1333 in
338 1267 468 1334 maiore.
1497 1259 1500 1263 ’

369 1370 533 1437 Habemus
547 1368 645 1452 igitur
658 1365 824 1432 librarium
845 1385 963 1449 graeca
977 1365 1087 1450 lingua
1102 1367 1221 1452 optimc
1237 1367 1432 1453 instructum,

285 1473 339 1555 qui
361 1471 485 1552 omnia,
514 1489 599 1553 quac
621 1469 749 1552 legabat
771 1475 803 1534 et
825 1467 1036 1552 depingebat,
1067 1476 1174 1536 mente
1195 1472 1432 1555 assequebatur,

284 1581 381 1656 atque
402 1573 485 1640 adeo
501 1573 612 1640 doctus
628 1578 706 1656 erat,
728 1577 764 1637 ut
778 1571 867 1638 nulla
881 1589 979 1656 opera
998 1576 1120 1640 mutare
1136 1577 1168 1637 et
1182 1592 1302 1639 novare
1316 1581 1430 1658 posset.

285 1676 365 1742 Cum
387 1683 494 1742 autem
517 1680 663 1742 naturam
685 1673 922 1758 discrepantiae
949 1671 1189 1742 consideramus
1211 1694 1316 1742 nonne
1337 1677 1432 1742 simil·

284 1779 379 1846 limus
401 1779 556 1864 reperitur
578 1777 683 1844 scriba
705 1777 735 1842 Y
756 1775 888 1859 imagini
909 1775 1163 1859 interpolatoris,
1192 1777 1321 1858 qualem
1344 1778 1431 1845 initio

283 1880 484 1965 refluximus,
514 1879 673 1963 ambiguis
695 1878 884 1946 lectionibus
914 1877 1127 1943 examinatis?
1155 1897 1259 1944 nonne
1281 1880 1432 1964 pleraque

283 1983 401 2050 menda
422 1989 492 2050 orta
514 1981 664 2048 videntur
685 1981 817 2048 levitate
843 1979 980 2046 hominis
1007 1980 1294 2065 neglegentissimi,
1326 1984 1432 2064 quiin

283 2084 505 2167 describendo,
528 2084 682 2150 memoria
703 2083 814 2165 falsus,
837 2083 938 2147 libere
961 2101 1002 2148 ex
1023 2081 1153 2164 ingenio
1175 2089 1298 2148 textum
1315 2083 1430 2152 instau-

282 2187 383 2254 rarit?
426 2188 540 2270 Neque
562 2186 645 2252 enim
668 2185 792 2252 animus
808 2184 850 2250 ad
866 2204 938 2250 eam
952 2183 1086 2250 inclinat
1103 2185 1316 2268 suspicionem
1338 2187 1428 2253 libra

282 2289 364 2357 rium
382 2290 538 2356 consulto
569 2287 773 2354 emendatum
805 2287 904 2354 ivisse
937 2292 1058 2354 textum
1089 2288 1329 2375 Plutareheum‚
1363 2309 1431 2356 cum

281 2390 458 2458 studium
481 2397 513 2458 ct
528 2390 750 2456 consilium
773 2387 951 2472 corrigendi
973 2389 1214 2472 coniciendiquc
1230 2411 1248 2456 e
1266 2394 1431 2477 perpaucis

282 2493 406 2559 mendis
422 2493 547 2560 elucere
562 2492 718 2558 videatur.
749 2491 839 2571 Quae
854 2513 926 2559 cum
937 2492 984 2558 ita
997 2492 1060 2558 sint
1075 2513 1149 2560 meo·
1161 2494 1230 2560 iure
1245 2493 1431 2562 concludere

282 2593 361 2684 mihi
386 2593 497 2661 videor
525 2595 696 2661 alteram
726 2600 861 2661 textus
890 2594 1183 2679 recensionem,
1213 2617 1309 2680 quam
1338 2618 1432 2684 supra

282 2697 521 2781 illustravimus,
543 2699 771 2782 profectam
795 2717 885 2763 esse
900 2697 1107 2763 alibrario
1122 2698 1168 2780 Y,
1191 2704 1223 2765 et
1240 2718 1431 2782 quamquam

281 2801 356 2865 fam.
372 2799 403 2864 X
419 2821 439 2864 a
454 2799 533 2866 raris
552 2799 848 2884 interpolationibus
863 2819 926 2865 non
941 2799 1045 2867 libera
1059 2807 1118 2881 est,
1139 2799 1301 2882 ingentem
1316 2804 1431 2870 nubem

281 2903 371 2968 illam
404 2903 701 2986 interpolationem
716 2901 972 2987 exprobrandam
1008 2921 1080 2968 esse
1108 2902 1239 2970 librario
1267 2905 1312 2988 Y,
1349 2906 1432 2972 unde

282 3003 416 3072 efficitur
437 3005 669 3088 primarium
691 3006 794 3071 artis
823 3005 994 3071 criticae
1016 3003 1317 3072 fundamentum
1339 3008 1372 3072 in
1394 3009 1433 3074 iis

281 3107 366 3191 vitis,
390 3125 469 3188 quas
486 3105 523 3171 st
538 3107 606 3172 sive
627 3107 768 3188 integras
790 3109 863 3194 sive
881 3107 1044 3173 mutilatas
1065 3107 1216 3190 continet,
1240 3117 1431 3176 constare

280 3209 440 3275 familia
450 3209 497 3288 X,
512 3207 574 3273 nisi
586 3209 639 3274 ubi
651 3209 770 3292 apertis
785 3209 969 3276 vulneribus
985 3208 1155 3292 deturpata
1166 3209 1217 3292 sit,
1234 3217 1266 3276 et
1277 3209 1432 3295 imprimis

281 3311 428 3377 omnibus
442 3311 523 3376 locis
537 3311 706 3395 ambiguis,
723 3311 777 3392 qui
792 3309 941 3395 permulti
957 3316 1039 3395 sunt,
1055 3310 1238 3376 adeundum
1254 3332 1325 3380 esse
1340 3335 1429 3399 prae·

281 3413 395 3478 sidium
412 3414 487 3480 farn.
503 3414 544 3479 X.
582 3413 763 3480 Secundum
780 3431 875 3495 quam
891 3433 1034 3479 normam
1049 3419 1156 3479 autem
1172 3433 1250 3498 opes
1264 3417 1339 3482 tam.
1354 3417 1386 3482 X
1399 3417 1431 3482 in

281 3508 373 3580 usum
395 3522 536 3582 nostrum
560 3523 782 3582 convertamus
804 3521 961 3600 oporteat,
984 3535 1081 3599 supra
1102 3516 1261 3601 praecepi.

365 3617 434 3682 Iarn
449 3615 591 3682 firmatur
606 3617 840 3698 argumentatio
855 3617 966 3684 aliare
983 3637 1066 3699 quae
1081 3619 1232 3684 facillime
1248 3620 1431 3703 exponitur,

280 3739 396 3802 nempe
424 3717 510 3801 quod
538 3717 676 3803 optimus
706 3719 840 3800 quisque
861 3720 944 3786 liber
965 3721 1039 3786 fam.
1062 3722 1093 3787 Y
1114 3721 1284 3806 plurimum
1308 3741 1379 3786 cum
1399 3722 1432 3786 X

281 3820 531 3903 conspiratnon
546 3819 707 3886 vitiissed
722 3821 848 3886 eximiis
866 3822 1064 3888 lectionibus.
1102 3823 1157 3890 Bis
1173 3830 1206 3888 et
1221 3823 1432 3906 quinquagies

281 3923 369 3989 solus
385 3922 431 4006 Sg
452 3923 484 3988 in
499 3922 591 3988 Num.
608 3923 704 4007 Ages.
720 3923 830 4008 Pomp.
853 3943 925 3988 cum
946 3925 978 3990 X
1000 3931 1162 4010 consonat,
1186 3927 1281 3992 etiam
1304 3927 1432 4010 saepius

154 4024 157 4030 ’
281 4025 327 4109 Sg
342 4025 385 4108 A3
408 4024 441 4090 in
464 4024 578 4090 ceteris
600 4025 720 4090 vitisA
742 4026 913 4092 sescenties
936 4046 1093 4092 unacum
1109 4029 1140 4093 X
1157 4029 1256 4095 bonas
1278 4029 1431 4096 lectiones

279 4126 410 4194 retinuit
432 4128 546 4194 ceteris
568 4125 761 4210 depravatis.
808 4128 890 4210 llrgo
913 4128 1059 4196 videmus
1087 4130 1231 4214 singulos
1256 4131 1431 4200 familiares
