3188 4758
721 271 933 330 ..10-

247 437 282 504 hi
309 434 387 502 loci:
416 438 523 517 63,19
546 437 783 519 παραπέμψας
813 471 855 482 -
876 435 1116 518 παρατρέψας,
1148 437 1199 517 63,
1216 437 1255 496 22
1288 454 1397 517 προσ-

249 541 474 629 φέρεσθαι-
490 540 740 623 συμφέρεσθαι,
762 542 813 620 64,
830 541 867 602 31
894 528 1118 620 εὐχειρότατσν
1134 573 1176 584 -
1191 527 1398 619 εὐχείρωτον,

249 645 299 726 65,
316 643 357 705 26
378 640 433 705 καὶ
458 675 498 686 -
519 628 551 725 ἢ.
596 638 713 706 blenda
734 646 843 706 autem
865 639 1012 724 Appiano
1035 645 1067 705 et
1089 639 1119 704 N
1141 637 1321 706 communia
1335 657 1400 705 nou

247 742 450 810 inveniuntur
464 741 526 807 nisi
541 741 626 824 quod
642 744 692 824 63,
709 744 749 804 29
763 761 792 806 v.
808 741 864 806 καὶ
881 738 1044 824 σωμάτων
1059 738 1228 822 intercidit,
1244 743 1276 804 et
1291 742 1342 822 65,
1359 741 1400 804 30

248 841 509 930 ἒπικαρτερῆσαι
523 843 639 926 legitur
653 863 711 928 pro
727 841 777 910 dcc
791 867 893 928 καρτ,
917 843 1003 925 quod
1019 849 1188 924 utrumque
1210 841 1400 908 vilissimum

248 953 306 1015 est.
350 944 417 1013 Sed
439 965 518 1012 cave
539 944 615 1012 inde
637 945 769 1028 colligas
798 944 867 1012 cod.
890 945 921 1010 N
944 951 976 1010 ct
997 945 1249 1029 Ps.·Appianum
1271 964 1292 1010 a
1314 963 1398 1010 oom-

247 1049 335 1117 muni
356 1049 443 1115 fonte
464 1046 615 1115 oriundos
637 1067 708 1114 esse
730 1047 887 1115 aectoris
909 1046 1000 1114 libris
1022 1047 1185 1131 averso;¹)
1209 1045 1308 1113 immo
1330 1045 1396 1112 Ma

246 1151 411 1218 tritensem
433 1149 541 1231 aliquo
564 1150 679 1217 saltem
700 1149 827 1216 vinculo
850 1169 922 1216 cum
938 1149 1052 1216 ceteris
1068 1148 1170 1216 teneri
1185 1148 1268 1216 duae
1284 1148 1400 1215 docent

247 1253 460 1338 corruptelae:
489 1255 539 1334 63,
555 1255 596 1317 20
618 1243 784 1337 ἠπείρωνς
815 1256 854 1317 30
878 1244 1137 1335 ἇναπτᾶσθαι.’)
1181 1251 1221 1315 ut
1242 1249 1402 1334 siquidem

246 1356 279 1423 N
300 1361 332 1423 et
353 1356 436 1438 App.
458 1354 492 1420 in
514 1353 650 1438 egregiis
675 1359 798 1419 tantum
825 1354 1015 1420 lectionibus
1044 1360 1235 1436 consonant,
1263 1372 1398 1438 pronum

248 1464 296 1526 cst
317 1456 473 1542 suspicari
487 1457 520 1523 in
537 1456 567 1521 N
582 1456 787 1541 integriorem
802 1455 966 1522 Plutarchi
984 1476 1114 1524 manum
1130 1474 1286 1540 apparere
1303 1473 1400 1536 quam

246 1559 280 1625 in
307 1559 420 1626 ceteris
448 1558 538 1625 libris
567 1557 622 1641 qui
650 1564 792 1641 exstant,
822 1557 877 1641 qui
905 1578 1105 1625 communem
1133 1555 1398 1642 depravationem

247 1661 374 1728 subisse
394 1659 529 1744 putandi
551 1665 632 1727 sunt.
677 1659 766 1738 Quae
789 1661 896 1744 opinio
917 1660 1061 1727 firmatur
1083 1658 1169 1742 quod
1191 1666 1224 1726 et
1243 1657 1321 1724 alibi
1344 1676 1399 1741 op-

247 1764 343 1830 timas
366 1763 466 1846 dapes
494 1761 588 1829 offert
610 1761 656 1846 N,
679 1769 714 1828 ut
736 1767 787 1844 44,
804 1767 844 1828 30
868 1760 930 1848 ἐγώ
953 1783 1011 1848 pro
1039 1760 1139 1848 ἔργῳ,
1171 1764 1257 1844 63,6
1280 1759 1313 1826 οἱ
1335 1756 1399 1844 γὰρ

248 1858 467 1942 διαπεσόντες
489 1863 523 1930 ἐκ
537 1867 596 1953 τῆς
616 1863 723 1953 μάχης
745 1865 1010 1948 πεντακισχίλιαι
1031 1861 1273 1950 περιπεσόντες
1295 1853 1400 1947 αὖτῷ;

247 1971 288 2033 32
303 1967 419 2054 γάγισς
437 1966 539 2053 (quod
553 1988 670 2035 nomen
684 1969 717 2034 in
732 1968 873 2035 omnium
888 1967 1062 2052 archetypo
1078 1966 1232 2033 mendose
1248 1965 1401 2049 scriptum

247 2075 330 2154 erat;
358 2092 433 2137 nam
462 2071 508 2136 sic
536 2070 663 2136 facilius
691 2071 905 2155 corruptelam
937 2067 1116 2135 ovATlOC
1148 2089 1207 2154 pro
1239 2064 1398 2153 γΑΓΙΟΟ

204 2207 208 2216 «
247 2171 488 2258 explanamus),
513 2177 597 2254 57‚7
622 2171 730 2256 φίλων
752 2192 810 2256 pro
834 2165 959 2256 ditos,
984 2175 1035 2255 79,
1051 2174 1091 2235 26
1114 2165 1131 2236 ὁ
1155 2167 1399 2256 Πομαξάθρης.

246 2276 330 2342 Aliis
353 2274 491 2356 denique
513 2273 592 2342 locis
614 2273 807 2359 optimorum
823 2293 841 2340 e
856 2274 969 2339 ceteris
984 2273 1075 2339 libris
1090 2273 1266 2340 bonitatem
1289 2271 1399 2353 aequi-

246 2381 347 2464 perat,
370 2381 405 2443 ut
419 2378 531 2460 Pomp.
558 2379 662 2459 196,2
686 2373 770 2456 ’ἐχειν
793 2373 857 2462 ἔφη
880 2405 923 2428 =
945 2375 999 2460 St;
1025 2379 1095 2458 193,
1112 2378 1152 2440 29
1176 2367 1285 2440 αὐτῶν
1305 2401 1348 2426 =
1364 2373 1402 2439 St

246 2479 328 2562 ΡΟ,
361 2483 468 2561 198,6
491 2479 555 2557 [καὶ
578 2475 735 2565 μηχανὰς]
758 2507 801 2530 =
822 2478 860 2544 St
880 2479 935 2562 15¹²,
959 2477 1056 2561 Ages.
1083 2481 1152 2561 143,
1173 2482 1191 2542 6
1214 2478 1273 2542 τοῦ
1304 2470 1401 2561 ἄρχε-

248 2585 335 2647 σθαι
349 2609 392 2633 =
408 2579 453 2646 st.
497 2583 583 2664 Ergo
605 2581 749 2664 sequitur
769 2580 903 2646 alteram
926 2598 1023 2663 quam
1044 2580 1134 2666 ponit
1154 2579 1264 2646 Graux
1287 2597 1401 2664 propa

246 2683 387 2768 gationis
409 2681 656 2749 delineationem
678 2689 720 2766 (p.
744 2686 796 2758 36)
822 2682 1072 2766 probabiliorem
1095 2701 1175 2749 esse.
1199 2717 1240 2726 -
1262 2681 1306 2746 At
1328 2699 1401 2745 cau·

246 2786 369 2853 tissime
395 2783 507 2851 laudes
529 2785 724 2851 Matritensis
753 2785 902 2852 tollamus
930 2783 1164 2870 providendum
1187 2790 1251 2866 est,
1281 2783 1400 2866 quippe

247 2889 302 2973 qui
324 2887 421 2954 fontis
443 2885 646 2971 splendorem
666 2886 869 2972 indiligentia
891 2885 988 2954 valde
1009 2887 1203 2953 imminuerit
1224 2889 1321 2970 atque
1344 2883 1400 2950 ob·

246 2991 375 3075 ludent,
398 3009 470 3057 oum
484 2989 518 3054 in
533 2987 657 3056 duobus
672 2988 778 3056 Crassi
798 2989 957 3073 capitibus
978 3010 1043 3056 non
1065 2989 1168 3055 minus
1191 2987 1306 3072 viginti
1320 2986 1402 3053 vitia

247 3100 421 3176 occurrant,
446 3111 548 3174 caque
570 3111 633 3158 non
655 3093 762 3158 omnia
783 3092 878 3172 levia,
900 3097 936 3157 ut
958 3095 1008 3173 65,
1024 3093 1063 3153 27
1089 3089 1251 3178 νομαδικῆ
1271 3091 1401 3176 ταραχῇ

245 3217 304 3282 pro
327 3193 449 3279 νομάδι
472 3192 646 3281 λῃστάρχῃ.
691 3195 732 3260 Et
753 3200 923 3278 propterea
944 3192 1029 3259 aliae
1052 3210 1135 3274 quae
1157 3192 1257 3262 solius
1278 3191 1398 3258 Nauc-

246 3298 375 3364 toritate
396 3298 537 3364 nituntur
559 3297 729 3381 lectiones,
758 3315 837 3378 quas
860 3294 971 3361 Graux
992 3294 1130 3361 libenter
1151 3293 1289 3379 delibat,
1319 3293 1401 3360 mihi

246 3421 310 3468 non
331 3400 489 3468 immunes
511 3405 585 3466 sunt
606 3419 626 3465 a
647 3397 827 3482 suspicione
848 3416 964 3482 nempe
979 3396 1048 3462 Nic.
1064 3397 1120 3481 111,
1145 3401 1195 3479 33,
1212 3401 1268 3480 3¹3
1292 3396 1400 3464 Crass.

248 3507 298 3584 71,
314 3505 370 3586 273
394 3502 490 3586 Ages.
509 3506 579 3586 151,
598 3507 625 3586 1,
647 3511 719 3567 oum
741 3500 830 3566 nullo
853 3499 924 3566 loco
946 3498 1104 3568 sententia
1126 3518 1276 3582 cogamur
1291 3499 1401 3568 Matri-

247 3603 346 3670 tensis
369 3603 555 3670 memoriam
577 3603 737 3687 amplecti.

333 3703 489 3783 Quoniam
501 3723 598 3788 supra
609 3703 735 3772 ostendi
746 3723 842 3788 quam
856 3702 988 3788 insignis
1000 3702 1215 3789 discrepantia
1225 3705 1399 3770 lectionum

246 3805 346 3873 libros
367 3806 576 3873 Plutaroheos
596 3807 630 3872 in
652 3806 733 3873 duas
754 3812 862 3891 partes
885 3803 1031 3890 dirimat,
1053 3807 1190 3873 nuncin
1212 3825 1251 3872 eo
1275 3813 1339 3887 est,
1362 3812 1399 3873 ut

247 3907 357 3993 copias
385 3908 550 3990 utriusque
578 3907 721 3975 familiae
749 3925 935 3976 cnumcrare
961 3914 993 3974 ct
1016 3907 1186 3993 disponere
1214 3907 1397 3992 suscipiam.

333 4047 359 4112 1)
376 4043 469 4099 Graux
485 4045 598 4099 stemma
615 4043 629 4096 I
645 4059 673 4112 p.
693 4046 734 4097 18.

332 4133 359 4197 2)
377 4128 412 4185 cf.
430 4128 511 4185 etiam
530 4128 606 4183 Dem.
625 4127 673 4193 IV,
692 4131 750 4194 210,
771 4132 782 4180 1
803 4121 878 4199 ἔχειν
896 4131 922 4182 ε1
940 4131 969 4184 N
984 4132 1012 4182 et
1030 4132 1091 4195 cet,
1110 4121 1185 4198 ἔχων
1203 4125 1339 4183 Reiskins.
