3188 4758
647 279 857 341 -61-

263 447 292 510 2.
330 443 376 528 Sg
397 449 430 511 ct
450 444 467 510 I
488 451 658 531 propterea
685 445 837 514 inunum
860 447 1006 530 redigere
1033 468 1094 515 non
1118 447 1210 532 licet,
1240 447 1327 531 quod

178 546 224 631 Sg
245 545 364 612 nullius
380 552 556 614 ceterorum
577 548 761 632 progenitor
783 569 854 616 esse
870 556 990 634 potest3
1014 550 1072 616 sed
1096 550 1181 617 haud
1196 551 1263 616 scio
1285 572 1327 617 an

177 649 270 716 Lanr.
294 651 344 732 69,
360 652 379 712 6
395 655 428 714 et
442 650 474 715 ΙΙ
495 649 704 716 contrahendi
720 651 792 718 sint.
835 653 886 717 Ex
901 653 929 716 A
945 658 1051 718 autem
1073 653 1194 718 nullum
1218 673 1327 719 eorum

176 751 339 834 librorum,
363 769 495 833 quorum
510 752 647 818 lectione
662 752 752 820 adire
773 753 873 837 potui,
895 753 1025 820 fluxisse
1040 755 1244 821 manifestum
1268 761 1328 839 est,

176 853 235 920 sed
257 851 298 920 de
320 852 422 919 altera
444 861 534 936 parte
550 854 576 918 B
599 853 637 920 cf.
654 853 792 922 Sintenis
807 855 823 918 Ι
837 877 867 939 p.
883 856 985 922 XVII.

261 958 291 1020 3.
328 955 349 1020 Ι.
364 955 412 1020 ΠΙ
440 955 473 1020 in
502 955 684 1022 emetienda
712 957 766 1022 via
794 959 836 1024 ab
852 958 882 1022 ΙΙ
910 959 1013 1041 magis
1050 956 1216 1041 magisque
1249 958 1329 1024 vitia

175 1056 366 1142 procreavit,
382 1077 519 1124 necnon
536 1057 721 1125 coniciendo
736 1059 770 1124 in
788 1065 911 1126 textum
933 1060 1051 1127 invasit
1074 1067 1107 1126 et
1127 1060 1258 1145 insuper
1280 1068 1326 1127 te-

174 1165 256 1226 stem
278 1161 353 1226 tam.
370 1159 402 1224 X
423 1159 457 1224 in
479 1160 750 1245 comparationem
773 1161 916 1228 deduxit.

259 1266 290 1327 4.
326 1261 488 1328 Librarius
504 1261 529 1328 C
548 1263 657 1347 procul
681 1262 780 1329 dubio
802 1263 943 1330 maxime
964 1263 1027 1330 sibi
1048 1263 1181 1331 indulsit
1202 1265 1234 1330 in
1257 1286 1323 1330 mu·

174 1364 271 1430 tando
294 1369 326 1430 et
347 1364 497 1431 novando
519 1371 622 1448 textu3
653 1364 712 1432 sed
739 1366 809 1431 fons
832 1365 969 1450 optimos
1000 1385 1145 1449 quosque
1176 1373 1208 1433 et
1230 1387 1326 1451 quam

174 1464 327 1550 plurimus
342 1457 344 1460 ’
360 1467 523 1551 utriusque
555 1467 698 1533 familiae
731 1466 831 1534 libros
858 1467 1045 1534 adhibuisse
1078 1469 1219 1554 videtur;
1252 1491 1326 1536 nam

175 1569 327 1652 exempla
348 1589 412 1635 non
440 1568 554 1636 desunt
575 1570 717 1636 locorum
746 1569 863 1652 quibus
885 1569 911 1636 O
933 1570 1077 1653 congruit
1099 1591 1171 1637 cum
1194 1592 1255 1638 uno
1278 1572 1327 1656 St,

172 1673 223 1756 Ρ,
234 1672 272 1756 F,
287 1673 323 1755 L,
339 1671 395 1756 Sg,
409 1673 448 1755 A,
464 1673 512 1755 13⁰,
528 1691 550 1754 q
565 1672 606 1737 al.

260 1775 353 1840 Duae
375 1773 504 1839 obstant
525 1772 741 1858 difficultates,
764 1774 880 1858 quibus
895 1773 1109 1840 dissolvendis
1131 1775 1228 1842 etiam
1251 1795 1324 1859 ope-

172 1880 243 1943 ram
265 1875 360 1942 dabo.
397 1876 538 1943 Primum
554 1876 639 1958 quod
658 1875 798 1958 quinque
820 1876 900 1943 loeis
915 1875 961 1956 sg
982 1876 1070 1942 solus
1092 1896 1202 1943 omnes
1224 1878 1325 1944 libros

150 2043 152 2050 ,
173 1985 304 2063 superat
315 1977 647 2061 aequeinquinatos.
678 1977 768 2058 Quae
783 1977 912 2061 quidem
928 1976 1099 2045 difficultas
1114 1978 1327 2045 minutissima

173 2080 299 2166 evadit,
322 2080 351 2148 si
373 2077 611 2148 consideramus
633 2079 790 2147 vilitatem
813 2079 1029 2164 differentiae,
1052 2079 1221 2164 quasillis
1244 2082 1323 2148 locis

172 2189 316 2270 apparet.

259 2286 384 2369 Altera,
415 2304 498 2368 quae
521 2284 687 2368 scrupulos
709 2290 853 2366 moveat,
883 2303 922 2350 ea
945 2291 1009 2368 est,
1038 2284 1124 2368 quod
1146 2286 1326 2352 communia

172 2389 377 2455 inveniuntur
398 2387 478 2453 vitia
500 2387 532 2452 in
547 2387 578 2451 X
601 2392 633 2452 et
650 2385 696 2468 Sg
718 2407 738 2452 a
760 2385 872 2453 ceteris
895 2385 1081 2470 emendata3
1105 2387 1163 2453 sed
1185 2407 1225 2453 ea
1248 2406 1325 2469 quo-

172 2498 323 2572 quotam
345 2507 449 2574 pauca
470 2494 503 2554 et
528 2489 613 2555 levia
634 2496 708 2554 sunt
730 2495 765 2555 ut
786 2488 841 2554 vix
864 2486 974 2554 valida
995 2489 1174 2556 existimem
1196 2489 1240 2554 ad
1270 2489 1323 2557 de·

172 2590 359 2660 struendum
374 2598 511 2658 stamma
526 2589 612 2673 quod
630 2591 802 2674 posuimus.
841 2589 999 2657 Graviora
1020 2591 1157 2657 fortasse
1179 2598 1252 2658 sunt
1267 2593 1325 2674 ΙΙΙ,

176 2698 252 2778 160,
282 2701 300 2758 4
329 2696 518 2780 Καρθακίῳ
548 2713 605 2780 pro
634 2695 824 2778 Ναρθακίῳ
852 2696 885 2757 et
910 2695 980 2775 199,
1008 2696 1046 2757 12
1072 2685 1238 2780 Ἰάρφθαν
1267 2713 1325 2778 pro

167 2789 324 2884 Ἰάρφαν,
354 2792 413 2862 sed
435 2795 558 2878 aliquid
580 2815 659 2861 sane
681 2794 771 2860 casui
793 2792 975 2862 condonare
997 2815 1059 2860 non
1081 2795 1244 2862 temerarii
1267 2801 1325 2879 est,

172 2920 233 2966 nec
254 2901 349 2985 plane
371 2900 541 2965 haeremus
570 2915 634 2980 qua
657 2897 711 2962 via
741 2895 946 2963 difficultates
973 2897 1132 2964 tollamus.
1178 2898 1325 2965 Ceterum

171 3022 214 3069 ne
228 3002 454 3069 obliviscamur
475 3018 660 3068 concessum
683 3018 745 3064 non
761 3017 831 3064 essa
854 3018 965 3064 omnes
980 2999 1131 3066 minutias
1154 2999 1197 3066 ad
1219 3019 1323 3066 amus·

171 3105 233 3171 aim
255 3105 443 3188 explanare3
467 3108 500 3168 et
522 3103 593 3185 quis
615 3101 797 3167 innumeras
820 3119 935 3166 causas
957 3102 1126 3171 exhaurire
1149 3102 1324 3185 conabitur,

173 3207 289 3288 quibus
317 3204 441 3272 librarii
468 3204 593 3270 animus
617 3203 669 3269 vel
694 3203 803 3268 oculus
826 3202 878 3267 vel
902 3222 1014 3270 manus
1036 3223 1057 3268 a
1083 3209 1172 3271 recta
1194 3204 1248 3270 via
1270 3205 1324 3271 dc·

171 3307 363 3382 flectantur?

257 3409 348 3477 Haec
366 3408 465 3475 habui
487 3427 570 3490 quae
585 3405 763 3492 generatim
786 3404 827 3472 de
849 3406 958 3473 critico
973 3407 1180 3475 fundamento
1195 3407 1324 3474 illarum

174 3517 213 3578 16
236 3513 389 3592 vitarum,
416 3511 603 3594 singillatim
626 3508 667 3574 de
696 3506 807 3575 codiee
830 3506 867 3572 St
890 3508 1022 3591 eiusque
1043 3509 1192 3576 affinibus
1216 3508 1324 3594 dispu-

171 3621 283 3682 tarem.
328 3613 418 3692 Quae
439 3633 502 3680 non
523 3611 716 3679 infirmatum
737 3611 776 3676 iri
799 3609 924 3677 conlido
946 3611 1140 3678 lectionibus
1161 3611 1325 3692 Marciani,

170 3801 329 3871 saepissime
346 3798 383 3866 Sg
400 3813 462 3852 cum
478 3796 543 3850 Μ
561 3796 700 3866 conspirat
717 3795 745 3849 in
763 3795 855 3866 probis
876 3794 1052 3862 lectionibus,
1077 3796 1154 3851 cuius
1176 3810 1324 3852 consensus

171 3888 226 3943 duo
236 3885 358 3955 exempla
367 3883 497 3954 imprimis
505 3881 637 3938 notabilia
646 3896 753 3950 promo:
767 3881 789 3946 Ι,
799 3885 841 3946 79,
852 3885 866 3934 2
882 3879 1044 3953 Προκλέους
1057 3879 1324 3955 F⁸LSgG‚11urpo·

169 3971 272 4038 κλέους
285 3968 381 4038 ceteri;
401 3973 441 4035 89,
454 3973 470 4023 9
483 3971 610 4026 πλοῦτον
622 3962 729 4038 ἄζηλον
741 3965 855 4034 sgvm,
875 3965 946 4034 quod
959 3965 1042 4020 ceteri
1058 3965 1259 4035 interpolarunt
1277 3972 1323 4024 πλ.

170 4054 279 4116 ἄσυλον
296 4059 407 4126 μᾶλλον
424 4053 454 4110 δὲ
471 4049 585 4126 ἄζηλον.
620 4052 755 4118 (advertas
767 4051 861 4107 eadem
877 4051 993 4106 formula
1010 4049 1264 4120 interpolamentum
1283 4053 1324 4106 iu-

170 4142 234 4198 duci
250 4142 272 4209 Ι,
293 4146 351 4208 114,
369 4143 404 4206 9.)
