3188 4758
747 237 939 296 -2..

270 400 426 469 iudicium
455 400 580 468 ferendi
609 401 650 468 de
678 402 753 468 libri
785 402 873 470 illius
900 402 1023 486 indole,
1060 402 1130 487 ipse
1165 408 1266 470 totum
1299 408 1428 488 praeter

272 502 407 569 Periclis
436 502 537 570 vitam
559 503 703 589 excussi,
731 505 842 589 itaque
867 503 966 570 firmis
996 503 1148 572 subsidiis
1177 511 1357 572 exstructus
1384 506 1428 572 ad

272 603 495 688 quaestionem
516 605 715 689 propositam
738 606 868 674 accessi.
913 606 1006 685 Quod
1035 625 1112 674 vero
1134 606 1213 672 mihi
1240 626 1427 674 concessum

273 713 323 772 est
345 705 487 773 codicem
508 742 552 752 —
573 707 606 774 in
628 708 857 775 bibliothecam
879 695 1098 775 universitatis
1120 707 1300 793 Lipsiensis
1321 728 1425 776 arces-

273 808 370 874 situm
391 810 691 893 -pervestigare,
719 809 836 892 insigni
861 809 965 876 debeo
988 809 1188 877 dilectissimi
1209 811 1428 896 praeceptoris

271 910 666 996 HermanniLipsius
687 912 940 995 benevolentiae,
965 912 1019 994 qui
1035 913 1163 979 omnino
1178 913 1207 979 si
1222 911 1300 995 quid
1321 913 1356 980 in
1376 912 1427 979 his

271 1012 394 1098 proieci
416 1012 549 1079 consilio
572 1019 605 1080 et
626 1015 816 1081 auctoritate
837 1015 987 1099 persequi
1009 1034 1073 1082 non
1096 1013 1200 1081 desiit.

359 1113 508 1182 Continet
535 1113 638 1183 codex
661 1116 699 1182 St
720 1121 791 1184 octo
813 1118 951 1183 vitarum
974 1117 1066 1200 paria
1087 1115 1150 1183 hoc
1165 1093 1291 1182 ‘ordina
1319 1114 1427 1201 dispo-

272 1215 375 1300 sita¹):
391 1217 572 1301 Lycurgum
586 1253 629 1263 -
642 1216 792 1302 Numam,
804 1217 956 1284 Solonem
970 1253 1013 1264 -
1027 1218 1237 1302 Publicolam,
1252 1217 1427 1284 Aristidem

275 1354 313 1365 -
327 1318 492 1403 Catonem,
508 1318 758 1387 Themistoclem
772 1356 809 1365 -
823 1320 1003 1404 Camillum,
1019 1319 1185 1388 Cimonem
1196 1356 1238 1366 —
1250 1321 1429 1405 Lucullum,

271 1420 430 1488 Periclem
444 1455 487 1466 —
500 1419 647 1505 Fabium,
669 1421 795 1488 Niciam
818 1457 858 1468 -
880 1423 1040 1505 Crassum,
1062 1422 1249 1507 Agesilaum
1270 1422 1428 1489 -Pom-

272 1523 391 1608 peium,
413 1521 472 1588 sed
487 1542 623 1607 magnae
637 1529 747 1608 partes
763 1524 901 1591 vitarum
919 1525 996 1608 Lyc.
1011 1525 1090 1590 Fob.
1106 1523 1176 1590 Nic.
1193 1524 1298 1590 Crass.
1316 1524 1428 1609 Pomp.

272 1623 519 1708 interciderunt,
548 1625 720 1708 inquibus
748 1631 820 1693 octo
848 1626 979 1711 paribus
1006 1624 1241 1712 pertractandis
1270 1645 1428 1692 commen-

275 1726 452 1794 tatiuncula
477 1747 551 1794 mea
578 1727 774 1810 versabitur,
803 1734 836 1794 et
863 1730 1006 1813 profecto
1035 1727 1126 1795 brevi
1153 1726 1323 1812 apparebit
1350 1746 1428 1793 non·

273 1830 435 1896 nullarum
464 1849 505 1896 ax
532 1829 583 1895 his
609 1829 684 1896 ritis
713 1829 954 1896 fundamentum
983 1830 1127 1896 criticum
1154 1829 1189 1894 id
1222 1847 1309 1910 esse,
1343 1827 1430 1909 quod

274 1931 431 2015 imprimis
441 1931 679 2013 inquisitionem
694 1937 726 1998 et
740 1931 1000 2000 diiudicationem
1015 1930 1166 2014 requirat.
1201 1928 1323 2008 Quibus
1337 1949 1428 2015 prae·

273 2033 353 2101 lusis
375 2032 419 2100 ad
440 2033 545 2118 ipsam
566 2053 635 2099 rem
657 2033 856 2101 accedamus.

361 2134 502 2202 Sintenis
530 2135 563 2200 in
584 2137 783 2219 praefatione
805 2136 868 2202 vol.
891 2136 908 2200 Ι
929 2157 959 2220 p.
982 2135 1058 2201 XIV
1081 2135 1163 2201 hanc
1185 2135 1306 2220 profert
1328 2131 1428 2219 opini-

275 2257 370 2304 onem
393 2255 502 2303 omnes
524 2235 624 2303 libros
645 2236 873 2320 Plutarcheos,
901 2237 956 2320 qui
987 2237 1017 2304 ei
1046 2238 1265 2322 innotuerant,
1295 2230 1343 2304 errx
1365 2255 1430 2302 uno

276 2339 455 2420 eodemque
483 2338 571 2403 fonte
599 2357 671 2405 esse
700 2337 828 2420 ductos,
858 2357 954 2422 quam
982 2340 1174 2406 sententiam
1203 2338 1244 2405 de
1273 2338 1429 2423 omnibus,

217 2445 220 2453 '
276 2441 332 2523 qui
353 2461 437 2507 nunc
459 2442 596 2521 exstant,
622 2438 713 2504 libris
735 2441 844 2507 valere
866 2442 1233 2526 paucis-demonstretur
1256 2440 1430 2526 exemplis3

277 2543 396 2611 etenim
429 2559 541 2609 omnes
573 2539 647 2605 libri
680 2543 881 2610 consentiunt
913 2543 946 2609 in
978 2543 1029 2610 his
1062 2542 1225 2627 scripturis
1259 2541 1430 2627 corruptis:

275 2646 301 2729 I,
328 2649 404 2724 104,
428 2646 468 2708 32
492 2633 781 2728 ἆριστευόντωνῖῃ
820 2648 897 2728 120,
929 2649 967 2709 17
997 2635 1270 2731 ἆνακηρυχθεῑσι;
1302 2649 1380 2728 145,
1410 2647 1430 2709 3

275 2750 456 2833 βοηθείας,
475 2749 575 2827 155,7
591 2748 780 2831 τυφομένην
796 2740 914 2831 ἁδροῦ,
933 2749 1003 2829 163,
1021 2750 1057 2810 17
1075 2748 1190 2813 lacuna
1205 2747 1287 2831 hiat,
1308 2750 1376 2830 194,
1389 2749 1428 2812 31

278 2840 447 2932 ahalapam
464 2849 537 2929 206,
553 2850 593 2909 25
610 2845 817 2932 λουκρήτιος;
838 2853 911 2932 222,
927 2851 967 2913 28
983 2841 1132 2933 ὁμοίοις,
1155 2853 1227 2933 232,
1244 2850 1284 2914 20
1299 2847 1432 2914 accedia

276 2955 354 3036 μίας
378 2953 452 3032 259,
468 2953 508 3015 26
528 2947 833 3036 χρηματισάμενος,
857 2954 929 3034 297,
956 2953 994 3014 12
1014 2947 1298 3035 χαλεπώτεροῤ),
1322 2953 1432 3033 300,2

277 3051 450 3142 φιλήμων,
472 3054 545 3134 343,
562 3054 580 3116 8
597 3051 820 3136 ’καλλίμαχος;
842 3053 883 3132 Π,
902 3057 973 3135 174,
989 3056 1029 3118 30
1053 3056 1192 3136 ποίων,
1216 3054 1289 3134 222,
1312 3055 1352 3115 27
1375 3053 1433 3118 καὶ

276 3169 349 3234 τοῖς
371 3151 472 3241 πρὸς,
496 3156 604 3237 475,8
628 3145 799 3239 ἇγοραῖσι,
823 3156 895 3237 505,
913 3157 954 3218 26
977 3155 1090 3237 σῶμα,
1113 3154 1171 3237 ΙΗ,
1194 3156 1246 3237 63,
1269 3157 1309 3219 20
1331 3145 1432 3238 ἠπεί-

278 3280 363 3344 ρων,
388 3260 446 3340 67,
468 3259 510 3320 24
533 3253 773 3340 συῃεκραγότα
796 3251 814 3320 ὃ
838 3256 895 3340 τῇ;
920 3260 996 3337 154,
1027 3257 1065 3320 18
1089 3254 1175 3339 δεῑν;
1206 3257 1283 3344 168,
1308 3260 1345 3321 11
1372 3247 1433 3340 ἆρ-

275 3358 390 3443 ptiar,
415 3360 485 3440 198,
510 3363 550 3422 14
574 3350 841 3439 ἀποτιθεμένων.
886 3354 977 3434 Quae
1001 3357 1120 3424 menda
1140 3357 1208 3422 fero
1231 3358 1339 3425 omnia
1360 3355 1459 3441 gras

279 3461 371 3527 viora
385 3466 459 3527 sunt
473 3467 506 3526 et
522 3459 591 3526 eius
605 3459 742 3543 generis,
765 3475 848 3540 quae
863 3458 905 3522 ab
921 3458 1085 3526 oculorum
1107 3459 1162 3524 vel
1184 3459 1303 3526 calami
1325 3478 1433 3525 errore

279 3562 368 3629 haud
390 3561 485 3628 facile
506 3562 650 3645 profecta
672 3559 907 3643 existimemus;
936 3559 1206 3643 deprehendimus
1229 3560 1314 3626 enim
1335 3558 1433 3625 libra-

279 3699 484 3710 -..-—---—

369 3765 393 3829 1)
411 3761 525 3817 formem
538 3761 638 3818 codicis
656 3761 730 3818 vides
748 3761 912 3830 descriptam
929 3761 959 3816 in
975 3761 1065 3817 libello
1078 3760 1264 3817 Michaelis
1278 3754 1324 3816 ‘de
1341 3758 1436 3817 codice

280 3840 321 3903 St'
339 3847 432 3902 Berlin
452 3850 525 3902 1885.

368 3935 393 3999 2)
411 3945 536 3987 numeros
555 3930 610 3986 cito
628 3931 753 3988 editionis
771 3930 969 3986 Sintanisianae
986 3931 1105 3986 minoris.

367 4019 393 4085 3)
411 4016 506 4088 procul
518 4015 600 4072 dubio
613 4030 674 4070 cum
684 4015 797 4071 Reislrio
816 4015 1001 4071 scribendum:
1019 4018 1067 4072 καὶ
1083 4010 1291 4088 χαλεπώτατος
1310 4013 1346 4070 cf.
1361 4013 1437 4070 infra
