3188 4758
308 1003 599 1084 LEGTIONES
629 1001 1141 1081 SEITENS'PE'PTENSIS
1235 1113 1238 1120 .

650 1175 802 1186 ——-—

239 1292 454 1375 Congerendis
475 1294 667 1363 lectionibus
684 1293 956 1362 Seitenstettensis
970 1325 1011 1334 -
1027 1291 1135 1356 collati
1150 1311 1221 1356 cum
1236 1291 1302 1357 edi-

152 1393 239 1459 tione
255 1392 472 1462 Sintenisiana
494 1396 614 1463 minore
622 1400 643 1475 ¹)
669 1432 705 1442 -
730 1394 1000 1481 praemonendum
1021 1393 1146 1460 videtur
1167 1394 1302 1477 primum

150 1494 293 1564 elisionis
322 1497 484 1563 admissae
512 1505 568 1564 aut
596 1499 762 1582 neglectae
789 1497 945 1564 rationem
973 1517 1025 1562 me
1050 1515 1113 1562 non
1141 1495 1301 1577 habuisse,

149 1597 268 1663 deinde
289 1599 336 1664 nil
358 1619 487 1666 curasse
515 1605 621 1666 utrum
644 1587 671 1666 ν’
685 1594 934 1686 ἒφείκυστικὸν,
965 1619 986 1661 u
1006 1597 1233 1682 paragogicnm
1256 1599 1303 1680 (in

149 1701 273 1767 vocnIIs
290 1692 385 1782 odric,
408 1705 513 1786 μέχρι,
536 1695 626 1786 ἄχρι)
648 1700 787 1767 addatur
806 1721 917 1783 necne,
939 1705 1005 1765 tum
1020 1699 1143 1766 litteras
1160 1721 1202 1764 σσ
1216 1707 1249 1766 et
1263 1725 1303 1765 τε

148 1809 346 1888 permutatas
361 1803 621 1889 praetervidisse‚
637 1802 775 1884 denique
788 1822 828 1870 ne
843 1809 993 1870 accentus
1009 1801 1147 1885 quidem,
1162 1803 1302 1887 spiritus,

147 1905 217 1971 iota
244 1905 422 1991 subscripta
449 1906 647 1989 respexisse,
683 1925 755 1970 cum
783 1905 817 1971 in
844 1904 894 1971 his
924 1903 1064 1970 minutiis
1092 1904 1302 1972 observandis

148 2007 298 2073 librarius
313 2043 354 2052 -
370 2014 404 2072 ut
419 2026 528 2075 omnes
550 2009 674 2075 fere-
690 2028 801 2092 parum
823 2008 886 2074 sibi
908 2007 1093 2074 constiterit.
1129 2007 1302 2074 Praeterea

149 2107 370 2192 reprehendat
391 2109 462 2191 quis
491 2108 576 2193 quod
606 2112 725 2175 formas
756 2108 954 2195 pronominis
982 2105 1101 2174 ἑαυτοῦ
1129 2145 1170 2154 -
1200 2103 1301 2175 circi

149 2203 281 2295 (αὐτοῦ)
311 2210 501 2294 saepissime
532 2214 680 2278 confusas
706 2232 768 2279 non
797 2231 924 2296 semper
951 2210 1159 2277 distinxerim.
1204 2212 1301 2278 Ocius

147 2313 369 2396 indiligentiae
402 2314 530 2379 veniam
563 2314 659 2380 mihi'
674 2315 742 2382 sore
775 2333 879 2399 spero,
914 2313 999 2397 quod
1031 2333 1103 2380 mea
1136 2313 1223 2380 haud
1255 2316 1302 2382 ita

148 2417 284 2482 multum
312 2415 466 2482 intererat
494 2415 718 2483 subtilissimas
751 2417 956 2483 diversitates
985 2425 1151 2500 excutere,
1184 2418 1301 2500 quibus

150 2517 195 2582 ad
217 2516 389 2583 eruendam
411 2517 564 2583 librorum
586 2519 869 2602 cognationem
891 2518 970 2584 nihil
992 2517 1162 2604 proficitur.

218 2649 318 2720 Incipit
340 2663 437 2704 manus
454 2654 562 2704 vetusta
578 2650 655 2719 Lyc.
679 2651 746 2721 108,
761 2657 790 2705 13
809 2651 931 2706 acerbis
953 2647 1045 2722 ἄμμες
1069 2645 1158 2710 οὐδὲν.
1186 2659 1217 2710 19
1236 2649 1301 2727 ἔχει.

148 2740 184 2790 24
202 2738 395 2808 σεληνοῦντος.
415 2739 448 2790 25
466 2737 582 2801 δικαίως
599 2754 639 2807 γε.
665 2739 698 2789 26
715 2733 906 2808 κατακάημεν.
942 2737 1037 2808 104‚4
1053 2741 1103 2795 καί
1118 2739 1196 2812 μέλη.
1222 2738 1301 2798 stat

146 2851 304 2928 γράμμασι.
326 2860 354 2910 ll
373 2820 489 2926 vipa‘i't.
509 2858 540 2908 te
558 2863 662 2925 πεῖραν
679 2853 751 2928 λαβέ
767 2870 864 2911 manus
876 2871 931 2912 rec.
944 2857 1083 2926 rescripsit
1099 2859 1129 2912 in
1140 2864 1196 2913 ant.
1214 2858 1301 2928 scrip-

145 2948 238 2997 turam
254 2940 333 2995 fusco
348 2939 406 2994 folii
419 2940 510 2995 colore
521 2940 694 2994 obscuratam
707 2940 755 2995 sed
766 2940 806 2994 ita
818 2946 848 2994 ut
859 2941 963 2996 liiterus
975 2963 994 3013 y
1005 2951 1033 2996 et
1043 2946 1061 2998 δ
1071 2943 1145 2999 verbi
1157 2937 1299 3016 αὐγάσδεο

144 3027 279 3096 dispicere
303 3026 446 3095 potuerim.
478 3029 507 3079 21
533 3028 657 3082 areticio.
687 3028 720 3079 26
740 3018 866 3098 dedolata.
896 3030 928 3080 32
953 3020 1171 3100 αριστενόντων.
1206 3030 1297 3099 lotar

144 3114 260 3182 μοῦσαι.
290 3106 419 3184 lipara
440 3113 605 3183 κιθαρίδδην
627 3125 697 3165 corr.
715 3125 751 3163 m.
771 3114 793 3164 2.
826 3116 857 3165 10
875 3103 945 3168 τότε
968 3127 1038 3168 eurr.
1056 3117 1081 3170 2.
1112 3117 1143 3168 13
1164 3118 1300 3187 cooptatos

145 3213 219 3253 corr.
233 3201 257 3251 2.
287 3200 320 3250 23
338 3186 399 3265 ἅμα
416 3195 592 3269 τῆςφ.αιιοά
609 3211 698 3250 cmv.
718 3198 759 3248 25.
790 3192 1001 3267 27καστόριον.
1031 3201 1063 3252 29
1081 3194 1299 3271 ἐπιβαινόντων.

141 3283 211 3353 106,
229 3286 244 3336 2
266 3280 404 3353 θάρσους.
440 3286 454 3335 8
479 3275 539 3339 ἀπὸ
561 3285 611 3353 τῆς
633 3282 713 3353 νίκης
733 3295 816 3364 marg.
839 3276 891 3339 διὰ.
908 3287 953 3346 ¹ll
977 3279 1237 3356 ἐνβεβαιώσασθαι.
1267 3289 1299 3338 22

141 3397 284 3474 διαμονὴν
304 3416 356 3470 mg.
380 3395 477 3472 νομὴν.
520 3403 616 3471 1ot‚4
639 3369 876 3472 updcwi'prrov.
910 3407 926 3456 9
951 3397 1003 3459 οὐκ
1026 3394 1130 3459 αὐτῶν.
1168 3395 1300 3460 itarital

140 3480 353 3558 μανθάνοντες.
390 3491 420 3540 15
445 3483 647 3557 ἄφθονίανᾘ),
684 3491 716 3540 25
740 3483 916 3560 ἐλευθερίαν.
952 3491 985 3542 28
1008 3480 1148 3558 ἀπειρίας.
1185 3492 1217 3542 30
1242 3491 1300 3553 [καί

200 3639 204 3648 ’
235 3644 257 3707 1)
275 3639 328 3696 vol.
341 3637 693 3695 11et111emissaann0n.
706 3655 728 3694 s.
741 3638 816 3706 LIII,
835 3637 886 3694 rol.
899 3639 912 3692 1
923 3640 1033 3695 tertium
1050 3640 1121 3712 typis
1138 3640 1299 3712 impressum

140 3741 170 3781 a
187 3725 338 3780 LXXXIV.

232 3815 258 3878 2)
277 3812 448 3865 correcturae
461 3825 478 3864 a
489 3810 580 3879 prisca
591 3825 674 3864 manu
692 3809 829 3880 proficisci
847 3809 1040 3866 existimandae
1054 3815 1126 3881 sunt,
1144 3812 1190 3867 ubi
1202 3813 1297 3882 sigium

139 3897 248 3952 nullum
271 3895 405 3950 adiectum
421 3900 476 3964 est3
501 3894 596 3950 foedas
620 3895 778 3950 recentioris
800 3909 896 3949 manus
919 3901 1090 3952 correcturas
1113 3913 1167 3953 non
1185 3903 1298 3954 cunetas

138 3981 314 4132 adserigiudic
331 4080 378 4121 eus
397 4065 495 4121 denoto
513 4065 652 4131 lectiones,
671 4080 738 4133 quas
756 4080 897 4135 perperam
916 4065 1000 4121 refert
1016 4065 1205 4124 Michaelis.
