3188 4758
742 253 954 314 „55-

273 424 312 488 Y.
364 421 502 488 Gravius
535 427 584 486 est
618 419 704 503 quod
737 419 911 488 sescenties
943 419 1193 506 praepositiones
1222 419 1423 504 depravavit,

274 525 443 609 praecipue
469 523 503 588 in
525 521 632 590 verbis
660 522 859 606 compositis,
889 527 921 590 et
950 522 1036 605 quod
1065 522 1252 606 saepissime
1280 529 1425 606 tempora

273 627 365 693 verbi
388 623 557 692 deflexisse
578 625 730 708 arguitur,
752 644 835 708 qnae
857 625 1048 692 mutationes
1069 644 1127 709 per
1150 645 1185 692 se
1206 647 1270 694 non
1293 627 1424 692 nimium

274 727 401 795 deiide
424 725 626 794 librariorum
649 726 829 810 detrahunt,
852 747 922 793 cum
937 726 970 794 in
992 748 1089 794 unum
1112 746 1270 811 quemque
1292 727 1422 812 cadaut;

273 829 386 898 sedin
408 831 438 894 Y
460 834 526 896 tam
549 829 745 897 continenter
767 827 946 912 offendunt,
969 836 1004 895 ut
1025 835 1180 915 appareat
1202 831 1339 897 scribam
1360 851 1423 897 non

274 953 363 1000 mera
383 932 498 998 inertia
521 939 553 998 et
575 931 697 1004 incuria
718 932 750 998 in
772 951 812 999 ea
833 930 950 998 menda
977 928 1144 1016 delapsum
1175 953 1255 1000 esse.
1300 932 1357 1000 Oui
1378 935 1425 1000 rei

274 1035 432 1117 convenit,
456 1032 542 1116 quod
564 1055 602 1102 eo
625 1033 742 1120 studio,
765 1033 851 1116 quod
872 1033 906 1098 in
920 1033 1051 1100 librario
1073 1035 1105 1100 X
1127 1035 1356 1121 perspeximus,
1377 1035 1421 1100 ni-

274 1138 388 1204 mirum
403 1135 613 1203 assimulandi
635 1137 873 1203 terminationes
895 1136 1124 1203 vocabulorum
1145 1137 1349 1204 finitimorum
1370 1157 1422 1204 ne-

273 1242 380 1326 gleeta
388 1239 557 1324 sententia,
566 1239 841 1308 librariueraro
852 1239 1023 1323 pellectum
1036 1238 1189 1306 videmus.
1212 1238 1277 1308 Sed
1289 1241 1422 1324 permnl-

275 1343 411 1408 tislocis
433 1340 586 1408 mendosa
601 1342 631 1407 Y
646 1341 802 1427 scriptura
823 1347 890 1406 tam
911 1341 1007 1422 longe
1029 1362 1050 1407 a
1072 1349 1159 1410 recta
1180 1343 1234 1409 via
1255 1343 1423 1428 aberravit,

275 1450 311 1511 ut
333 1443 437 1511 causis
461 1465 479 1510 e
500 1445 624 1512 ratione
645 1442 916 1529 palaeographicae
943 1443 1052 1528 petitis
1079 1444 1125 1509 nil
1153 1445 1355 1530 proficiamus
1382 1445 1424 1511 ad

276 1545 500 1631 explicandam
523 1547 708 1615 mendorum
730 1546 894 1630 originem.
940 1544 997 1612 Oui
1025 1566 1155 1614 numero
1177 1567 1280 1634 pauca
1301 1549 1422 1616 subtra-

276 1649 393 1715 huntur
408 1649 613 1733 glossemata,
629 1649 760 1732 quaein
775 1653 898 1715 textum
913 1647 1108 1733 irruperunt:
1123 1651 1148 1734 Ι,
1167 1656 1237 1735 104,
1252 1655 1289 1714 19
1306 1663 1423 1734 πεῖραν

277 1751 372 1834 λαβέ,
396 1755 433 1814 21
452 1755 650 1836 κρείττονες,
678 1755 747 1834 170,
764 1754 803 1814 12
820 1747 1036 1836 δουλοσύνην,
1064 1755 1132 1835 190,
1149 1755 1189 1817 28
1205 1751 1424 1839 δημοκρατίας

274 1875 332 1938 pro
349 1850 459 1918 έλευθ.
483 1857 555 1937 222,
574 1857 612 1918 19
627 1851 811 1942 Αἰγινῆται
832 1872 890 1936 pro
913 1854 1090 1939 νησιῶται,
1114 1857 1186 1938 247,
1202 1859 1242 1920 29
1261 1853 1423 1921 ἐκέλευσεν

274 1977 332 2042 pro
349 1953 474 2042 ἐδίδου,
500 1960 571 2040 250,
588 1959 628 2020 26
645 1953 703 2036 [εἰς
723 1957 952 2042 Μαγνησίαν],
974 1957 1031 2038 ΙΠ,
1051 1959 1120 2041 198,
1137 1961 1155 2022 6
1175 1959 1240 2036 [καλ
1254 1955 1421 2045 μηχανῦς1.

253 2055 257 2060 ’
275 2059 328 2126 Ad
350 2059 416 2126 alia
438 2059 555 2128 menda
578 2058 769 2144 explicanda
791 2077 921 2124 causam
943 2059 1117 2143 repetimus
1139 2079 1180 2125 ex
1202 2059 1343 2128 finitimis
1358 2082 1424 2128 ver-

275 2162 364 2228 sibus
392 2165 477 2246 utI,
502 2165 634 2247 120,13
664 2159 911 2246 πρεσβεύοντας
939 2182 996 2246 pro
1026 2160 1260 2246 πρωτεύοντας
1287 2163 1331 2246 (v.
1358 2163 1423 2248 12),

275 2268 348 2348 200,
363 2271 397 2330 11
414 2265 663 2350 μετεωροτέραν
675 2283 732 2348 pro
743 2266 958 2348 μετριοτέραν
970 2265 1057 2348 (199,
1069 2264 1139 2348 28),
1158 2269 1230 2350 231,
1242 2270 1282 2330 29
1295 2269 1424 2353 Πέρσην

275 2386 332 2450 pro
344 2363 470 2452 Ξέρξην
485 2363 528 2449 (v.
542 2364 613 2449 27),
630 2369 704 2446 241,
719 2367 756 2430 18
771 2367 1013 2452 καθαιροῦντες
1024 2387 1082 2457 pro
1093 2365 1286 2444 κολούοντες
1300 2365 1344 2452 (v.
1358 2366 1424 2451 13);

277 2471 382 2551 251,1
409 2463 592 2554 ἑλληνικοῖς
621 2487 679 2550 pro
707 2467 902 2549 πολεμικοῖς
930 2464 1105 2554 (25031),
1132 2471 1173 2554 ΙΙ,
1196 2473 1268 2554 214,
1294 2475 1331 2535 12
1360 2467 1425 2535 εἰσ-

278 2571 424 2655 αχθῆναι
445 2589 503 2653 pro
530 2570 744 2654 παραστῆναι
773 2570 818 2654 (v.
844 2568 913 2655 11),
943 2571 1007 2653 ΠΙ,
1040 2575 1109 2656 158,
1125 2575 1164 2636 23
1187 2571 1425 2660 Δημοστράτου

276 2693 334 2758 pro
352 2664 536 2759 Ἐρασιστρ.
559 2669 603 2755 (v.
620 2674 661 2734 24
685 2669 862 2759 δημοσία),
889 2675 991 2757 153,·7
1013 2676 1129 2761 συνῆγε
1151 2695 1207 2758 pro
1231 2659 1427 2762 συνήθροισε

276 2773 331 2858 (cl.
347 2773 469 2860 διῆγε),
496 2777 565 2858 183,
582 2775 601 2838 3
616 2794 646 2841 v.
670 2764 760 2860 ὥραν
782 2776 838 2840 καὶ
860 2771 920 2860 τὴν
941 2775 1063 2841 intrusa
1084 2797 1211 2844 eversu
1232 2778 1426 2860 insequente.

364 2875 430 2956 sed
453 2875 530 2959 quid
552 2876 648 2942 refert
669 2895 789 2960 paucas
811 2879 918 2944 eluere
941 2879 1083 2945 maculas
1100 2898 1170 2944 cum
1193 2885 1293 2946 totum
1316 2899 1427 2964 corpus

277 2979 391 3046 naevis
412 2979 492 3045 satis
514 2997 671 3063 superque
692 2979 735 3045 sit
756 2979 957 3064 inspersum?
1001 2979 1053 3046 Ad
1075 2980 1137 3046 hnc
1159 2981 1243 3047 enim
1264 2982 1288 3048 ii
1309 2986 1429 3048 restant

277 3082 355 3164 loci,
385 3082 500 3166 quibus
528 3081 612 3148 falsa
640 3082 740 3148 verba
762 3101 782 3146 a
804 3081 934 3149 librario
963 3082 1131 3150 inventa
1159 3091 1192 3150 et
1218 3104 1276 3168 pro
1304 3082 1428 3150 traditis

277 3185 420 3270 reposita
442 3203 530 3268 esse,
552 3185 580 3250 si
602 3183 706 3250 minus
728 3184 861 3252 oonsilio
883 3191 918 3250 at
939 3189 1075 3268 temere,
1097 3204 1191 3253 nemo
1213 3185 1333 3253 infitias
1354 3185 1427 3269 ibit;

278 3293 310 3355 et
332 3286 570 3352 animadvertas
593 3285 673 3353 haec
699 3285 837 3354 insiticia
860 3287 959 3354 verba
987 3287 1173 3372 plerumque
1201 3307 1305 3370 neque
1334 3289 1428 3357 usila

277 3391 359 3457 tiora
381 3409 468 3474 esse,
498 3408 594 3471 quam
617 3407 656 3453 ea
679 3409 762 3474 quae
791 3390 981 3474 expulerunt
988 3439 997 3472 ,
1025 3396 1057 3456 et
1085 3389 1316 3471 significatione
1344 3389 1430 3458 haud

277 3491 375 3559 valde
397 3492 439 3557 ab
454 3491 495 3557 iis
510 3490 685 3576 dissonare,
707 3491 754 3556 ita
768 3497 803 3558 ut
817 3493 1013 3558 accuratiore
1035 3491 1164 3559 demum
1186 3492 1430 3576 investigatione

278 3593 470 3677 pravitatem
500 3592 706 3662 effecerimus.
751 3594 832 3660 Sunt
859 3599 967 3660 autem
995 3595 1058 3661 loci
1087 3613 1167 3676 quos
1189 3595 1242 3661 hic
1263 3604 1338 3680 peto
1360 3617 1430 3664 cum

278 3694 335 3762 alii
358 3701 423 3760 tum
446 3693 532 3761 hice:
553 3697 578 3778 I,
606 3699 675 3780 107,
691 3700 731 3761 26
755 3689 953 3778 ἀδολεσχίαν
975 3697 1005 3762 Y
1027 3718 1084 3782 pro
1103 3690 1278 3782 ἀσχολίαν,
1306 3701 1374 3782 120,
1394 3704 1429 3764 17

279 3801 489 3881 Πομπωνίου
510 3817 567 3882 pro
583 3796 792 3883 Πόμπωνος,
819 3802 888 3881 126,
909 3803 945 3862 12
965 3799 1117 3883 βασιλεῖς
1138 3819 1196 3883 pro
1220 3798 1334 3886 ἱερεῖς,
1362 3806 1429 3885 150,

280 3905 321 3967 26
344 3905 582 3988 τεκνοτροφίας
602 3923 661 3986 pro
683 3899 871 3986 τεκνώσεις,
899 3907 952 3966 151
959 3953 968 3988 ,
987 3907 1024 3966 15
1042 3901 1231 3987 ἱστοροῦσιν
1246 3923 1304 3987 pro
1320 3903 1430 3969 λοιδο-

279 4005 409 4090 ροῦσιν,
454 4006 523 4087 160,
550 4007 588 4067 27
625 4003 878 4086 διαλεγομένους
910 4025 968 4088 pro
1002 4003 1279 4089 διαμαχομένους,
1316 4010 1385 4086 161,
1412 4011 1430 4072 8

279 4107 485 4172 πεπαῦσθαι
513 4126 544 4190 p.
575 4107 794 4190 πεπρᾶχθαι,
832 4108 941 4189 177,9
970 4109 1045 4193 γένη
1074 4127 1104 4191 p.
1136 4109 1266 4194 πένθη,
1300 4109 1369 4192 185,
1390 4111 1429 4172 20
