3188 4758
740 219 931 319 ..g-

264 428 488 514 cumprimum
504 425 546 492 ad
563 444 643 510 opus
658 423 901 491 describendum
918 421 1154 507 aggrederetur,
1176 421 1417 489 accuratissime

265 551 301 598 se
323 529 519 615 adplicuisse
541 528 584 594 ad
604 527 733 610 singula
754 525 855 592 verba
876 530 909 591 et
930 525 1064 607 litteras,
1087 523 1204 590 deinde
1225 522 1329 607 magis
1351 543 1417 589 ma

264 632 380 718 gisque
401 631 580 699 relaxatum
601 628 735 696 liberius
756 633 881 694 textum
896 625 1084 710 reddidisse,
1105 632 1162 692 aut
1177 646 1196 692 e
1211 625 1369 692 contrario
1383 625 1419 691 in

265 735 338 821 ipso
360 731 554 801 delineando
575 729 734 814 paulatim
756 729 881 798 exiliori
904 728 1089 811 diligentiae
1107 729 1322 795 assuefactum
1336 746 1417 811 esse,

266 856 339 904 eum
363 833 521 921 principio
549 851 607 900 sno
636 837 731 917 captu
757 832 858 899 verba
887 829 1057 898 deflectere
1085 849 1149 896 non
1170 830 1291 896 veritus
1317 834 1417 913 esset;

264 937 300 1004 id
316 934 403 1019 qnod
417 935 571 1004 maiorem
586 932 823 1019 probabilitatis
844 932 985 1018 speciem
999 932 1121 998 habere
1144 930 1303 999 confiteor.
1347 931 1419 998 Sta-

266 1039 384 1106 tnimus
406 1038 503 1123 igitur
525 1035 668 1102 ordinem
690 1036 757 1103 fere
779 1035 898 1104 hunce:
921 1040 1036 1119 agmen
1058 1032 1218 1102 duxerunt
1239 1034 1327 1102 vitae
1341 1030 1419 1119 Lyc.

264 1176 307 1188 -
323 1141 417 1207 Num.
435 1139 500 1206 Sol.
522 1175 565 1188 ·-
586 1138 679 1203 Publ.
695 1137 809 1204 Them.
831 1173 873 1184 --
896 1137 986 1203 Cam.
1002 1137 1097 1204 Arist.
1120 1173 1162 1184 -
1180 1137 1250 1204 Cat.
1265 1139 1362 1220 Ages.
1376 1172 1420 1184 -

265 1243 395 1327 Pomp.,
426 1260 508 1324 quas
528 1246 725 1324 exceperunt
746 1240 833 1306 vitae
854 1241 925 1307 Per.
948 1273 991 1286 -
1012 1239 1109 1321 Fab,
1139 1239 1254 1324 quibus
1275 1237 1418 1307 novandi

267 1344 415 1410 ardorem
436 1343 594 1428 paulatim
608 1343 867 1426 refrigescentem
882 1341 1043 1424 videmus;
1068 1341 1185 1408 deinde
1201 1349 1331 1408 secutae
1345 1345 1420 1407 sunt

266 1451 403 1513 ceterae.
448 1443 515 1511 Sed
536 1443 690 1510 incertam
712 1461 783 1510 esse
804 1443 888 1510 hanc
909 1442 1122 1510 coniecturam
1139 1463 1203 1510 non
1224 1431 1420 1527 negaverim.

354 1545 434 1612 Cum
455 1553 564 1612 autem
586 1544 682 1611 modo
704 1543 840 1610 dixerim
855 1544 888 1611 in
904 1544 971 1609 uita
986 1544 1093 1611 Crassi
1107 1546 1228 1611 nullum
1248 1545 1419 1630 vestigium

266 1648 400 1714 alterius
421 1653 528 1714 textus
550 1646 745 1714 recensionis
771 1666 943 1732 apparere,
973 1645 1081 1713 statim
1111 1666 1262 1713 excursus
1283 1647 1354 1714 loco
1377 1645 1420 1712 de

267 1750 334 1816 ulia
356 1749 527 1817 traditione
549 1749 678 1814 maioris
699 1749 802 1834 partis
822 1748 930 1816 Crassi
952 1747 1051 1814 verba
1072 1747 1200 1832 faciam,
1223 1767 1306 1831 quae
1328 1747 1428 1815 libris¹

265 1850 467 1919 Plutarcheis
495 1871 560 1918 non
587 1849 748 1933 firmatur,
776 1851 899 1918 scilicet
926 1850 969 1916 de
996 1850 1105 1917 libello
1127 1849 1422 1936 Pseudo-Appiani

266 1952 309 2020 de
336 1954 423 2021 bello
445 1953 603 2021 Parthico.
646 1951 779 2019 Constat
800 1953 833 2019 in
858 1952 1022 2020 codicibus
1043 1951 1220 2037 Appianeis
1247 1958 1321 2038 post
1348 1973 1419 2038 ger-

266 2074 396 2123 manam
423 2053 564 2140 Appiani
592 2054 759 2121 historiam
789 2055 1006 2139 compilatoris
1036 2053 1201 2121 cuiusdam
1229 2057 1418 2140 opusculum

267 2157 421 2225 contineri
436 2156 477 2222 dc
492 2157 578 2224 bello
594 2158 808 2222 Romanorum
823 2156 973 2222 Parthico
993 2157 1248 2223 consarcinatum
1264 2179 1305 2224 ex
1320 2157 1420 2243 Appi-

267 2259 322 2325 ani
350 2258 436 2325 bello
465 2259 600 2342 Syriaco
628 2257 792 2324 Plutarchi
821 2259 959 2324 Antonio
989 2265 1021 2324 et
1046 2258 1154 2326 Crassi
1183 2278 1253 2344 cap.
1286 2262 1420 2326 15-33.

268 2358 335 2428 Sed
356 2359 408 2426 hic
429 2359 650 2443 Ps.-Appiani
677 2366 846 2440 contextus
868 2380 886 2426 e
908 2379 1037 2442 prorsus
1059 2360 1187 2429 diverso
1217 2361 1305 2428 fonte
1333 2381 1419 2428 ema-

267 2462 359 2528 navit
381 2466 478 2544 atque
499 2461 575 2530 libri
588 2461 687 2527 nostri
702 2461 899 2528 Plutarchei:
921 2463 1044 2528 nullum
1059 2463 1147 2530 enim
1160 2462 1313 2530 mondum
1327 2463 1419 2529 inve-

267 2563 353 2630 nitur
373 2564 516 2645 utrisque
537 2581 704 2629 commune
724 2563 758 2628 in
778 2566 816 2629 18
831 2563 896 2630 illis
919 2565 1076 2648 capitibus
1097 2572 1226 2648 praeter
1240 2565 1287 2630 III
1304 2567 1355 2648 59,
1378 2568 1419 2629 20

269 2663 447 2747 δεξάμενος
473 2684 531 2749 pro
562 2661 736 2746 δεξόμενος
761 2669 794 2731 et
816 2668 867 2749 63,
883 2669 921 2729 27
946 2665 1062 2732 ὅπλων
1084 2701 1126 2714 -—
1148 2664 1335 2753 δεησόντων
1363 2685 1423 2750 pro

181 2793 185 2803 ·
269 2759 449 2834 ὅπλων-
472 2765 608 2853 δεῆσον,
637 2771 756 2833 ettam
784 2767 872 2834 levia
899 2774 1033 2852 peecata
1062 2767 1208 2835 librarios
1230 2774 1263 2835 et
1284 2769 1366 2853 App.
1389 2776 1423 2835 et

267 2869 353 2936 Plut.
381 2889 438 2954 pro
465 2887 524 2934 sua
550 2885 694 2952 quosque
722 2874 814 2954 parte
841 2869 1011 2937 admittere
1038 2870 1182 2955 potuisse
1210 2871 1330 2936 nemini
1359 2889 1423 2936 non

269 2971 431 3058 probatur.
441 2971 464 3054 ¹)
507 2969 551 3036 lis
573 2976 680 3036 autem
701 2971 780 3038 locis
803 2990 884 3053 quos
906 2972 1140 3040 consentientes
1161 2973 1195 3037 in
1216 2972 1366 3057 Appiano
1389 2976 1423 3037 et

268 3074 443 3142 Plutarcho
471 3079 599 3159 praeter
621 3074 695 3140 illos
723 3073 880 3156 scrupulis
907 3074 1066 3158 persecuti
1095 3080 1169 3140 sunt
1189 3073 1250 3140 viri
1273 3073 1359 3140 docti
1382 3111 1425 3122 -

270 3183 320 3261 75,
336 3181 377 3244 23
401 3179 641 3262 συγγενέσθαις
663 3177 750 3256 79,9
772 3172 947 3258 ποταμόν,·
970 3178 1076 3257 81,19
1100 3168 1277 3262 ἇπηρμένα
1299 3211 1339 3222 -
1362 3195 1423 3259 ego

270 3279 315 3344 nil
330 3277 518 3344 tentandum
541 3296 672 3360 cense03
696 3276 811 3342 erroris
827 3295 903 3343 vero
921 3276 1031 3344 incuso
1047 3276 1214 3360 Sintenim,
1237 3277 1291 3362 qui
1314 3281 1366 3360 81,
1381 3281 1423 3342 24

269 3387 380 3447 contra
401 3379 541 3464 Appiani
563 3386 594 3446 et
616 3378 823 3464 plurimorum
845 3378 1107 3446 Plutarcheorum
1135 3381 1358 3446 anctoritatem
1380 3398 1423 3445 ex

269 3482 336 3566 AC,
359 3481 474 3564 quibus
495 3501 579 3548 nunc
598 3478 732 3569 ,accedit
753 3478 807 3564 St,
836 3477 943 3565 κρότῳ
970 3500 1028 3565 pro
1056 3479 1174 3562 κρότον
1201 3486 1336 3565 repetat.
1380 3482 1426 3547 At

270 3584 429 3666 omnium,
457 3600 541 3664 quae
562 3583 596 3648 in
617 3582 792 3666 archetypo
815 3581 1077 3650 Plutarcheorum
1099 3590 1234 3668 peccata
1255 3590 1345 3665 sunt,
1369 3602 1423 3650 ex-

270 3691 393 3770 pertem
408 3684 556 3749 videmus
570 3683 762 3768 Appianum,
785 3687 883 3765 atque
898 3683 944 3749 ita
958 3683 1161 3751 utilissimum
1175 3691 1319 3770 praestat
1332 3683 1423 3751 auxi-

271 3787 349 3853 lium
371 3784 415 3850 ad
436 3785 535 3850 libros
556 3784 749 3868 purgandos.
787 3783 854 3851 Sed
868 3785 998 3866 gravior
1011 3788 1147 3854 occurrit
1162 3787 1321 3855 dissensio
1342 3787 1425 3853 inter

360 3939 384 4002 l)
406 3934 563 4005 praesertim
589 3933 613 3989 si
637 3935 747 4005 saepius
770 3939 875 4004 partem
899 3939 1075 4005 utrorumque
1097 3937 1228 3993 librorum
1253 3937 1347 3992 eadem
1369 3941 1426 3991 tra·

269 4021 343 4076 xisse
359 4019 425 4075 ritis
440 4020 591 4084 videamus,
615 4023 646 4074 ut
664 4024 710 4084 58,
732 4024 761 4074 17
780 4015 866 4102 rro'tw
881 4035 931 4090 pro
949 4016 1039 4092 πύλην
1056 4021 1128 4076 Plut.
1146 4029 1255 4092 praeter
1273 4023 1305 4076 St
1321 4025 1350 4077 et
1367 4023 1426 4075 Au·

269 4110 402 4174 gustanm
419 4104 504 4173 App.;
524 4107 565 4170 60,
584 4107 616 4157 30
635 4097 685 4170 οὓς
702 4118 753 4174 pro
771 4105 813 4159 ὠν
831 4120 923 4160 omnes
941 4107 1013 4175 App.
1032 4112 1060 4160 et
1076 4106 1149 4162 Plut.
1167 4112 1276 4176 praeter
1293 4107 1325 4162 St
1342 4123 1368 4175 q.
