3188 4758
743 230 954 292 ..62-

273 395 419 492 Vaticani
446 401 537 482 1007,
559 398 765 466 Laurentiani
788 401 839 481 69,
856 404 875 462 4
890 396 1031 466 nondum
1053 395 1191 479 emissis,
1214 413 1318 479 neque
1339 401 1420 463 cete-

272 518 378 565 rorum
409 499 577 585 librorum,
611 505 768 584 quotquot
798 500 971 568 novissime
999 501 1216 582 innotuerunt,
1250 519 1268 564 e
1296 500 1421 583 quibus,

274 607 429 683 quantum
453 599 582 684 quidem
604 622 624 670 e
645 602 787 669 virorum
807 603 973 672 doctorum
994 600 1160 672 sententiis
1183 599 1326 667 divinare
1348 620 1422 684 pos·

271 723 357 788 sum,
380 724 443 770 non
465 703 599 770 multum
623 706 741 770 fructus
763 705 972 788 redundabit,
994 711 1129 789 excepto
1152 723 1214 770 uno
1234 703 1422 770 Matritensi.

272 804 339 871 Sed
366 805 427 871 hoc
460 804 696 872 meminerimus
724 827 848 874 omnem
880 807 1111 874 dubitationem
1141 804 1313 886 excedere,
1346 805 1422 886 quin

273 907 455 976 exstiterint
476 907 553 974 olim
575 907 632 974 alii
653 907 736 991 libri,
763 910 832 976 sive
854 909 961 978 adhuc
983 909 1046 976 situ
1068 907 1197 990 obtecti,
1219 907 1288 974 sive
1310 906 1421 992 deper-

273 1009 341 1092 diti,
364 1009 398 1075 id
421 1009 507 1092 quod
528 1010 665 1094 primum
688 1012 912 1096 comprobatur
932 1010 1118 1078 correcturis
1134 1009 1422 1094 Seitenstettensis3

273 1109 389 1177 deinde
419 1113 597 1195 complures
625 1113 778 1180 lectiones
806 1113 971 1198 Vulcobii,
1000 1113 1134 1197 Amioti,
1162 1111 1338 1196 Anonymi,
1367 1111 1423 1192 qui

273 1212 398 1298 dicitnr,
422 1232 503 1295 quas
526 1233 544 1278 e
566 1214 656 1280 libris
672 1215 894 1300 manuscriptis
916 1215 1056 1282 nondum
1075 1215 1283 1294 excussimus,
1304 1213 1423 1280 codicis

274 1315 439 1380 cuiusdam
454 1315 643 1384 auctoritate
665 1317 795 1382 niti‘vix
811 1318 980 1400 quisquam
998 1316 1115 1386 infitias
1137 1318 1206 1384 ibit.
1236 1317 1301 1383 Suo
1316 1323 1423 1382 antem

274 1416 343 1482 iure
366 1417 509 1484 Schenkl
532 1438 661 1485 monere
683 1419 818 1502 videtur,
841 1428 1013 1502 antequam
1035 1420 1078 1486 ad
1100 1420 1251 1488 iudicium
1274 1419 1360 1486 omni
1382 1439 1423 1484 ex
1483 1489 1495 1502 ,

274 1525 364 1604 parto
386 1528 491 1586 ratum
519 1528 550 1588 et
578 1521 758 1588 absolutum
793 1521 942 1589 devenire
969 1524 1142 1607 possimus,
1171 1521 1424 1604 singulorum

274 1621 426 1686 librorum
437 1623 469 1688 in
481 1624 651 1706 singulis
664 1624 738 1690 vitis
751 1611 968 1691 condicionem
981 1625 1216 1692 accuratissime
1228 1624 1422 1705 investigan·

275 1721 348 1789 dum
372 1743 451 1790 esse.
