3188 4758
693 277 885 339 ...9-

214 445 317 512 libros
339 445 423 511 Plut.
447 453 480 511 et
501 445 584 530 App.
609 443 696 512 baud
725 444 890 512 dissimilis
918 444 964 529 ei,
987 463 1084 529 quam
1113 444 1196 511 inter
1223 444 1370 515 codicum

213 547 298 614 Plut.
321 545 462 613 familias
485 553 613 614 exstare
636 544 933 629 demonstravimus,
956 559 1116 630 quamque
1130 566 1236 630 neque
1251 569 1272 614 a
1285 549 1369 616 Plut.

214 649 365 733 librariis,
391 668 495 731 neque
517 649 559 714 ab
582 651 665 733 App.
687 649 851 724 inventam
874 648 1047 716 existimes.
1089 649 1198 716 Pauca
1220 652 1371 737 exempla

214 752 376 820 illustrent
392 750 470 832 quid
485 745 595 834 agam
617 751 675 834 111,
698 754 803 836 57,17
830 751 962 818 exhibet
975 751 1059 835 App.
1082 743 1261 832 ἀσπάσιος,
1285 753 1369 822 Plut.

215 845 273 919 οὐκ
296 845 469 936 ἆκούοιος,
500 857 551 939 58,
567 856 607 918 25
637 851 829 938 ἐγείρεσθαι
851 888 894 899 -
923 845 1092 937 ἀρᾶσθαι,
1121 857 1207 938 61,5
1229 850 1371 944 ὑπήρει-

215 978 324 1020 πο-
346 949 535 1038 decumum
566 959 617 1040 64,
644 960 682 1020 12
712 949 821 1032 ἄλλως
850 991 892 1004 --
913 953 1039 1042 μάχης,
1068 959 1166 1040 68,7
1198 962 1301 1025 σείειν
1328 995 1371 1007 -

216 1049 336 1140 ὠθεῖν,
368 1062 424 1137 71,
454 1051 592 1126 bobilo
621 1040 661 1144 ἦν
688 1055 726 1123 τὸ
758 1056 938 1146 διαφεῦγον
959 1093 1000 1104 -
1025 1050 1083 1123 οὐκ
1110 1055 1266 1126 ἐδύναντο
1296 1060 1371 1128 δια·

217 1157 368 1246 palpato,
399 1163 449 1244 75,
473 1163 492 1224 9
516 1171 645 1236 στενοῖς
665 1197 707 1207 -
730 1158 842 1247 λόφῳ,
870 1164 921 1245 82,
946 1167 985 1226 15
1007 1153 1189 1245 ὅδερον-
1217 1154 1369 1248 ὕδρωπα.

217 1263 268 1328 De
290 1261 342 1328 his
364 1261 555 1329 lectionibus
577 1262 749 1346 multisque
771 1263 844 1328 aliis
866 1262 909 1328 ad
931 1267 1052 1330 eertum
1079 1263 1233 1331 iudicium
1258 1285 1369 1350 perve-

216 1365 284 1430 nire
316 1385 356 1431 ex
384 1365 457 1450 ipsa
484 1363 644 1430 sententia
671 1364 768 1449 plane
797 1365 1003 1432 interclusum
1031 1372 1089 1432 est
1134 1365 1200 1434 Sed
1228 1367 1371 1450 quando·

217 1465 349 1550 quidem
362 1465 554 1533 Plutarchus
576 1470 745 1548 utrumque
766 1487 830 1533 non
852 1467 989 1552 scripsit,
1012 1475 1155 1535 nostrum
1171 1474 1221 1536 est
1241 1469 1372 1537 aliunde

216 1573 407 1652 argumenta
434 1567 478 1632 ad
506 1566 746 1634 diiudicandum
774 1569 946 1636 lectionum
979 1577 1141 1638 certamen
1173 1572 1371 1655 conquirere,

217 1671 252 1737 id
275 1669 364 1754 quod
384 1668 528 1754 proiecto
550 1667 669 1734 nullius
690 1669 801 1754 negoti
813 1677 873 1754 est.
911 1671 991 1738 Cum
1006 1673 1091 1738 eninr
1106 1673 1139 1738 iu
1153 1673 1256 1740 aciem
1272 1673 1371 1742 dedu-

218 1779 330 1840 centur
351 1772 413 1838 hac
442 1790 483 1836 ex
512 1775 604 1855 parte
632 1791 743 1838 omnes
770 1771 847 1838 libri
870 1773 1067 1859 Plutarchei,
1095 1776 1154 1842 illa
1183 1776 1373 1860 compilator

182 1919 186 1927 -
219 1874 360 1958 quidam,
384 1873 439 1956 qui
459 1872 653 1940 Plutarchea
674 1875 836 1958 excerpsit
856 1880 892 1940 ut
905 1877 1073 1960 Appianea
1094 1877 1263 1963 subiceret,
1285 1879 1373 1945 hand

219 1977 274 2044 diu
296 1995 416 2060 anceps
432 1975 492 2042 erit
511 1995 635 2060 pugna:
658 1995 733 2040 nam
754 1976 876 2042 falsarii
899 1984 985 2044 certe
1006 1979 1052 2044 nil
1073 1979 1227 2046 intererat
1248 1985 1372 2047 textum

217 2078 382 2146 Plutarchi
403 2078 503 2145 verbo
525 2084 619 2144 tenus
641 2077 790 2161 reddere,
814 2078 973 2161 siqnidem
995 2099 1047 2147 res
1068 2089 1218 2148 narratae
1239 2082 1373 2148 maximi

218 2182 250 2250 ei
270 2188 362 2249 erant
382 2180 519 2262 numeri;
543 2186 577 2244 at
599 2179 726 2247 codices
740 2181 824 2248 Plut.
846 2181 889 2248 ad
910 2202 1008 2248 unum
1029 2203 1142 2251 omnes
1164 2190 1231 2250 tam
1252 2182 1372 2250 incom-

217 2284 313 2351 mode
336 2289 467 2365 tamque
489 2283 672 2365 frequenter
699 2283 885 2365 inquinatos
906 2303 978 2352 esse
1000 2307 1021 2351 a
1042 2287 1142 2354 sciolo
1165 2285 1304 2369 quodam
1325 2285 1372 2352 in-

218 2386 363 2452 auditum
378 2393 437 2450 est.
474 2385 565 2465 Quae
587 2405 659 2451 cunr
672 2385 720 2450 ita
738 2386 810 2468 sint,
833 2387 1092 2472 prospiciendum
1109 2393 1166 2472 est,
1183 2395 1219 2455 ut
1232 2377 1373 2474 Appiani

218 2488 376 2554 auxilium
397 2487 443 2552 ibi
465 2488 569 2554 solum
590 2495 746 2572 petamus,
768 2487 824 2554 ubi
838 2489 872 2555 in
886 2489 1062 2575 archetypo
1084 2491 1236 2558 librorum
1251 2495 1372 2558 nostro

218 2610 288 2657 rum
311 2589 481 2675 perspicua
502 2591 682 2674 corruptela
703 2598 846 2675 apparet.

305 2696 349 2758 At
365 2710 490 2776 semper
505 2712 616 2759 omnes
626 2693 710 2758 Plut.
726 2693 853 2759 codices
868 2694 1009 2780 Appiani
1023 2693 1225 2761 adversarios
1239 2693 1373 2761 iactavi:

219 2793 394 2879 praeteriit
406 2814 457 2860 me
479 2814 577 2860 unum
592 2801 719 2862 exstare
733 2795 860 2878 librum,
884 2795 939 2877 qui
954 2797 1022 2862 eius
1037 2797 1130 2878 signa
1151 2796 1242 2878 sequi
1263 2793 1373 2864 videa·

220 2902 281 2978 tur,
303 2895 522 2963 Matritenscm
537 2897 568 2962 N
584 2917 605 2962 a
620 2896 735 2964 Oarolc
751 2896 861 2963 Graux
875 2904 1046 2984 repertum,
1069 2899 1124 2984 qui
1138 2897 1225 2966 idem
1239 2898 1375 2966 frustula

158 3007 162 3015 '
220 2997 381 3081 quaedam
404 2999 599 3083 parcissima·
613 2999 780 3066 nobiscum
802 3000 1056 3068 communicavit.
1100 3001 1142 3066 st
1164 3005 1317 3083 quantum
1332 3021 1374 3068 ex

219 3100 271 3166 bis
294 3099 485 3168 concludere
507 3120 692 3169 concessum
715 3097 806 3185 est,¹)
834 3099 904 3168 cod.
927 3100 958 3167 N
980 3122 1058 3170 sane
1083 3103 1214 3188 propius
1242 3102 1285 3167 ad
1306 3103 1373 3168 Pr.-

220 3202 363 3288 Appiani
390 3202 595 3270 traditionem
621 3203 760 3286 accedit,
788 3201 847 3270 sed
875 3202 994 3271 talibus
1020 3209 1145 3271 tantum
1173 3203 1373 3289 lectionibus,

222 3305 349 3388 quaesi
369 3304 474 3371 minus
497 3305 592 3372 certis
614 3305 810 3388 argumentis
824 3324 921 3371 verae
944 3305 1132 3389 efficiuntur,
1154 3311 1189 3372 at
1202 3306 1374 3388 genuinam

223 3405 380 3489 originem
402 3426 466 3474 non
487 3407 610 3474 minore
631 3397 859 3493 probabilitate
873 3407 936 3473 sibi
950 3408 1118 3481 asciscunt,
1142 3428 1239 3492 quam
1254 3415 1375 3475 cetero·

222 3527 293 3574 rum
315 3509 468 3576 librorum
490 3509 655 3576 memoria.
698 3510 805 3592 Atque
827 3508 877 3575 his
899 3509 979 3577 locis
1000 3510 1032 3574 N
1053 3529 1118 3575 una
1139 3528 1211 3575 cum
1225 3509 1374 3594 Appiano

223 3616 400 3677 ceterorum
430 3613 573 3678 maculas
603 3609 748 3678 detersit:
776 3614 834 3696 63,
862 3614 900 3676 21
931 3631 963 3676 v.
990 3611 1046 3676 καὶ
1074 3616 1161 3678 recte
1188 3612 1375 3696 immissum,

221 3717 273 3796 64,
289 3717 309 3777 9
331 3711 461 3795 κώμαις
475 3734 533 3798 pro
546 3710 680 3798 χώραις,
704 3717 756 3797 65,
771 3716 791 3778 9
806 3736 837 3781 v.
859 3737 960 3780 τινων
975 3734 1048 3798 om.,
1071 3716 1121 3796 63,
1141 3717 1178 3778 12
1200 3721 1232 3781 et
1246 3715 1375 3800 saepius

213 3807 383 3901 Ἄγβαρος
396 3835 455 3900 pro
466 3806 649 3901 Ἀριάμνης
665 3812 901 3902 (βάρβαρος).2)
929 3816 1142 3900 Ambiguitati
1157 3815 1288 3884 obnoxii
1301 3821 1376 3884 sunt

310 3969 336 4032 1)
353 3965 449 4021 omitto
462 3965 581 4034 quinque
592 3965 783 4022 Demosthenis
802 3967 902 4035 capita,
920 3966 954 4022 de
971 3966 1068 4035 quibus
1087 3966 1198 4021 disscrst
1210 3965 1304 4020 Graux
1316 3965 1334 4020 l.
1347 3965 1376 4034 l.,

222 4065 291 4120 qnae
308 4050 376 4106 nihil
393 4050 429 4104 ad
446 4055 555 4104 nostros
571 4049 665 4107 libros.

308 4140 334 4203 2)
353 4134 388 4190 cl.
408 4134 501 4190 Graux
517 4134 536 4189 l.
549 4134 568 4189 l.
581 4149 608 4202 p.
623 4139 665 4190 23.
