3188 4758
641 223 852 284 ..49-

169 388 361 472 editionem,
382 387 575 456 foedissimis
598 388 721 455 mendis
743 389 908 471 refertam,
936 387 1192 475 perlustraverit,
1214 389 1322 456 statim

168 490 338 571 intelleget
361 509 456 573 quam
478 511 542 558 non
565 510 626 574 ope
648 491 722 558 farn.
746 491 777 556 X
799 510 907 556 carere
928 491 1095 576 possimus.

257 592 322 660 Sed
350 613 412 660 non
442 599 493 659 sat
521 599 569 660 est
597 593 777 678 praecipuis
805 593 993 660 lectionibus
1022 593 1181 675 congestis
1209 591 1323 658 laudes

168 695 294 760 librarii
316 694 347 760 X
370 694 539 778 cecinisse,
569 695 683 760 melius
711 695 790 777 qnid
818 695 859 761 de
887 693 951 760 fide
980 693 1047 760 eius
1075 701 1107 760 et
1134 699 1323 762 auctoritate

167 795 376 862 iudicandum
400 797 441 863 sit
464 797 684 880 cognoscimus
706 796 866 880 indagatis
881 797 977 880 vitiis,
1001 817 1083 880 quae
1104 796 1247 881 admisit;
1272 797 1323 864 oui

168 897 275 966 officio
303 909 387 965 nuno
415 899 600 966 satisfacere
629 899 791 966 inanimo
820 905 877 965 est.
922 899 963 963 ut
991 897 1117 983 gaudeo
1146 897 1233 982 quod
1262 899 1323 964 hac

169 1000 358 1084 quaestione
383 1000 530 1067 instituta
559 1019 655 1083 quam
685 1002 838 1086 optimum
865 1003 930 1067 iere
953 1020 1079 1084 semper
1108 1001 1259 1067 iudicium
1283 1001 1323 1067 de

167 1103 291 1169 librarii
315 1103 437 1168 ratione
460 1103 544 1168 ferre
566 1104 656 1186 licet,
679 1123 840 1188 perpauca
861 1104 1074 1188 inveniuntur,
1096 1123 1178 1186 quae
1194 1103 1235 1169 de
1250 1123 1323 1168 auc-

169 1206 298 1272 toritate
314 1206 381 1271 eius
397 1205 576 1271 detrahant.
613 1206 739 1272 Etenim
754 1207 946 1286 cogitatione
968 1205 1046 1270 mihi
1068 1205 1153 1288 fingo
1175 1205 1323 1286 scribam,

171 1308 226 1392 qui
237 1327 373 1392 graecae
388 1307 516 1392 linguae
529 1328 591 1373 non
602 1310 698 1393 plane
714 1309 802 1374 rudis
818 1315 914 1392 esset,
929 1309 987 1374 sed
1001 1310 1189 1392 plerumque
1204 1326 1322 1389 eorum,

169 1429 254 1493 quae
268 1410 433 1502 pingebat,
455 1410 574 1476 formas
596 1417 719 1476 tantum
734 1409 944 1494 intellegeret,
968 1430 1039 1475 oum
1056 1410 1245 1476 sententiam
1260 1428 1323 1473 non

169 1519 403 1596 assequeretur,
427 1518 459 1578 et
473 1513 571 1595 paulo
593 1512 719 1596 longius
741 1511 923 1596 prospicere
944 1513 1125 1597 prohibitus
1147 1517 1232 1578 esset
1254 1510 1324 1577 acie

169 1617 286 1681 mentis
309 1615 404 1681 nimis
426 1615 558 1680 minuta.
602 1613 652 1677 Ex
674 1612 715 1678 iis
737 1620 842 1680 autern
872 1634 954 1699 quae
982 1615 1128 1700 peccavit
1155 1613 1324 1699 plurimam

168 1723 295 1802 partem
318 1719 415 1784 errori
437 1718 599 1784 oculorum
615 1717 667 1782 vel
684 1715 800 1781 calami
814 1715 919 1800 lapsui
943 1717 1038 1784 tribui
1061 1724 1208 1801 oportere
1230 1715 1324 1781 facile

168 1820 231 1886 tibi
245 1820 471 1904 persuadebis;
495 1818 541 1884 sio
563 1817 680 1884 menda
695 1836 822 1899 quoque
843 1819 996 1885 nonnulla
1011 1819 1221 1903 explicantur,
1241 1837 1324 1900 quae

169 1924 279 1990 nescio
294 1944 335 1988 an
351 1922 516 2005 scrupulos
531 1927 682 1985 moveant
696 1921 798 2003 primo
814 1927 955 2004 aspectu,
972 1927 1006 1986 ut
1020 1922 1045 2004 I,
1064 1925 1134 2003 153,
1151 1923 1190 1984 23
1205 1917 1323 2004 χρόνον

168 2021 288 2108 [dolum
319 2029 391 2108 211,
416 2027 454 2086 19
478 2027 558 2102 [τοῖς
577 2021 718 2098 πολλοῖς
739 2022 805 2099 καὶ]
827 2021 1087 2107 πολεμοποιοῖς,
1110 2026 1182 2105 273,
1200 2024 1218 2086 8
1239 2020 1324 2086 κατὰ

170 2124 284 2205 [ΤΗΣ]
308 2126 411 2210 ΓΗΣ,
435 2129 506 2210 334,
523 2127 564 2188 26
579 2119 639 2208 τὴν
663 2122 807 2202 [ΟΛΗΝ]
822 2121 961 2188 ΠΟΛΙΝ
978 2126 1019 2191 al.
1057 2127 1084 2190 Ε
1099 2144 1217 2206 magna
1231 2125 1325 2209 copia

171 2229 240 2294 eius
268 2230 396 2313 generis
418 2228 567 2294 vitiorum
596 2227 722 2310 singula
751 2225 939 2310 depromere
968 2229 1076 2312 placet
1104 2245 1187 2310 quae
1209 2227 1323 2294 iterum

171 2330 348 2415 iterumque
376 2330 534 2396 medicum
562 2329 741 2412 requirunt,
775 2329 910 2413 primum
939 2328 1025 2414 quod
1052 2330 1160 2398 nescio
1189 2349 1253 2413 qua
1283 2329 1324 2396 de

172 2451 271 2498 causa
292 2453 396 2516 paene
419 2437 598 2500 constanter
621 2428 688 2496 αἰεὶ
703 2431 860 2514 scribitur,
882 2429 999 2498 deinde
1015 2431 1101 2514 quod
1115 2431 1324 2498 indicativum

78 2567 80 2570 ·
171 2529 268 2599 εἶπεν
290 2536 464 2602 sescenties
485 2536 517 2600 in
535 2531 644 2598 εἰπεῖν
666 2532 856 2617 depravavit
878 2533 1035 2618 librarius,
1057 2535 1091 2600 ni
1106 2533 1200 2602 fallor
1215 2534 1323 2602 arche·

170 2637 243 2721 typi
259 2637 447 2722 oompcndio
469 2635 682 2721 perturbatus,
706 2656 732 2704 e.
748 2655 778 2718 g.
793 2637 819 2719 I,
845 2639 914 2720 108,
930 2639 985 2718 28,
1011 2641 1082 2722 114,
1098 2641 1154 2722 31,
1181 2640 1250 2723 168,
1269 2643 1323 2722 15,

174 2743 246 2821 173,
264 2743 320 2824 18,
339 2742 408 2822 191,
427 2742 480 2823 16,
498 2741 570 2822 241,
586 2741 622 2822 6,
638 2740 709 2820 246,
726 2741 775 2802 22.
807 2737 891 2817 Quid
902 2739 929 2804 si
941 2743 1107 2822 praeterea
1121 2739 1324 2806 manifestum

171 2848 223 2905 est
248 2841 410 2906 librarium
439 2840 628 2925 saepissime
658 2840 748 2906 nulla
776 2839 900 2906 ratione
929 2860 1069 2906 conexus
1096 2841 1323 2908 sententiarum

170 2942 293 3025 habita,
308 2945 427 3008 formas
438 2943 668 3010 vocabulorum
680 2941 742 3008 sibi
753 2941 929 3008 vicinorum
952 2961 1134 3024 exaequare
1154 2943 1323 3029 studuisse,

171 3045 313 3110 maxime
341 3046 410 3111 solo
441 3053 593 3112 concentu
622 3043 796 3110 adductum
825 3045 913 3110 velut
935 3046 960 3129 Ι,
984 3049 1055 3128 205,
1080 3050 1119 3110 10
1149 3043 1323 3111 ἰδιωτικῶν

172 3144 328 3212 πλούτων
350 3168 408 3232 pro
435 3148 598 3228 πλοῦτον,
628 3149 756 3229 214,13
788 3139 1058 3230 ἀποκομίζεσθαι
1085 3168 1143 3232 pro
1165 3184 1208 3192 -
1231 3167 1324 3214 ουσιν

173 3248 373 3336 (φείδεσθαι
392 3270 422 3316 v.
449 3250 516 3335 12),
546 3251 618 3332 231,
634 3251 674 3310 24
698 3239 766 3313 ἀπὸ
796 3250 862 3314 τῶν
890 3245 1007 3314 τόπων
1035 3251 1090 3314 καὶ
1112 3251 1179 3314 τῶν
1201 3251 1324 3315 στενῶν

171 3371 232 3436 pro
253 3353 314 3416 aod
335 3349 453 3433 τόπου,
477 3356 549 3435 254,
566 3354 605 3415 22
628 3347 756 3436 πολλὴν
777 3347 836 3438 τὴν
860 3348 970 3436 χώραν
992 3371 1050 3436 pro
1072 3347 1193 3430 πολλὰ,
1216 3355 1288 3434 342,
1305 3355 1350 3414 24

174 3449 209 3518 ἐν
224 3454 466 3539 γνωμολογίαις
482 3504 489 3518 .
507 3504 515 3517 .
532 3503 564 3518 ..
585 3450 736 3534 ἐχούσαις
758 3473 815 3537 pro
839 3453 929 3533 ἔχων,
954 3457 1082 3537 251,14
1104 3455 1163 3540 τῆς
1184 3451 1324 3520 Λυσάν-

175 3555 255 3641 δρου
277 3557 336 3641 τῆς
355 3547 483 3620 Ἀλωπ.
506 3576 564 3639 pro
587 3557 647 3619 τοῦ
664 3548 735 3620 ’Aa
759 3564 791 3619 et
813 3555 920 3620 multis
943 3555 1016 3621 aliis
1038 3553 1142 3621 locis?
1186 3555 1246 3622 Hic
1268 3577 1323 3624 eos

174 3676 302 3740 quoque
322 3659 411 3726 locos
433 3657 684 3742 comprehendo,
713 3657 828 3740 quibus
850 3659 949 3724 verba
971 3659 1053 3725 falso
1078 3658 1213 3724 extrusit
1233 3679 1322 3744 repo·

174 3761 245 3827 sitis
267 3760 339 3827 aliis
362 3781 455 3858 qqae,
481 3758 576 3827 modo
599 3759 743 3844 depicta,
772 3759 878 3827 animo
908 3760 1014 3826 adhuc
1041 3759 1141 3826 infixa
1170 3767 1260 3827 erant
1289 3769 1325 3829 ut

177 3864 199 3944 l,
218 3869 288 3948 111,
305 3867 324 3927 9
339 3883 369 3930 v.
387 3857 474 3947 ἦθος
496 3882 554 3946 pro
576 3859 666 3942 ἰ’χνος
688 3862 880 3946 rescriptum
898 3866 956 3944 est,
979 3861 1065 3944 quod
1086 3863 1120 3928 in
1142 3884 1172 3929 v.
1196 3865 1215 3926 6
1237 3863 1323 3947 lege-

67 4018 69 4022 .
175 3965 285 4048 batur,
307 3984 371 4031 non
392 3983 483 4030 secus
506 3984 544 4029 au
570 3967 639 4047 181,
662 3968 698 4027 21
726 3957 1068 4050 [προσ]ποιησάμενος
1090 3985 1131 4030 ex
1153 3970 1324 4051 προσποί-

173 4092 252 4154 ημα,
276 4070 349 4150 226,
365 4069 404 4130 21
429 4064 601 4152 παρόντας
622 4087 681 4150 pro
704 4066 856 4146 ruodlang,
881 4067 924 4149 (v.
949 4071 989 4132 20
1012 4064 1171 4153 παρόντι)
1194 4071 1266 4152 255,
1283 4072 1323 4132 22

1155 4170 1171 4218 4
