3188 4758
744 238 935 297 ..4.-

264 419 347 483 quae
364 399 584 469 demonstrant
604 406 656 468 sat
677 401 856 485 insignibus
877 401 1003 469 indiciis
1023 402 1136 468 statim
1158 400 1200 466 ab
1223 400 1280 468 illo
1300 401 1413 469 arche·

261 509 340 588 typo
362 501 488 570 codices
509 504 543 569 in
565 502 646 570 duas
667 511 777 590 partes
802 503 931 588 divelli;
960 504 1001 570 ab
1031 503 1206 589 archetypo
1234 502 1318 569 enim
1347 502 1412 570 duo

261 604 336 670 libri
357 611 545 672 emanarunt
565 624 587 670 a
608 604 744 672 dirersis
765 605 903 672 librariis
926 605 1060 690 depicti,
1089 623 1194 688 exque
1222 605 1262 670 iis
1291 623 1412 693 omnes,

261 707 317 789 qui
344 726 426 773 nunc
455 713 598 789 exstant,
631 708 862 793 manuscriptos
894 705 1037 792 pendere
1069 706 1274 792 intellegitur.
1325 705 1412 784 Quos

259 808 366 874 fontes
394 808 509 875 litteris
530 810 562 875 X
584 815 616 874 et
637 809 668 874 Y
692 808 891 892 significabo.
934 809 1132 876 Testimonia
1159 815 1267 876 autem
1297 808 1413 891 quibus
1439 811 1441 816 '

260 909 342 976 haec
356 909 509 976 librorum
531 909 700 978 disiunctio
723 911 946 996 comprobetur
966 911 1032 977 iam
1054 902 1412 992 accuratiusindagare

260 1017 293 1078 et
313 1009 453 1100 'definire
478 1013 511 1079 in
538 1012 646 1079 animo
677 1018 734 1080 est.
778 1015 826 1081 Ac
847 1013 984 1098 primum
1006 1011 1136 1095 quidem
1164 1019 1411 1080 consentaneum

260 1120 310 1180 est
331 1113 489 1197 librarios,
514 1115 569 1198 qui
590 1115 622 1180 X
645 1120 676 1180 et
697 1115 728 1180 Y
748 1120 936 1197 exararunt,
963 1115 1033 1181 sive
1056 1115 1218 1182 oculorum
1239 1115 1333 1199 lapsu
1355 1133 1412 1181 seu
1537 1141 1539 1144 ·

260 1215 376 1283 calami
399 1217 498 1282 elium
520 1217 586 1283 alia
615 1215 733 1282 menda
760 1215 938 1284 admisisse.
990 1214 1081 1294 Quae
1109 1215 1234 1302 species
1260 1215 1411 1284 vitiorum

261 1317 426 1385 levissima
440 1325 498 1402 est,
515 1337 611 1400 quam
625 1318 778 1384 facillime
793 1337 1037 1403 cognoscamus;
1053 1317 1212 1401 gravioris
1226 1317 1412 1384 incusantur

260 1419 482 1502 indiligentiae
504 1420 643 1503 librarii,
667 1427 723 1488 aut
750 1427 884 1504 uterque
913 1429 969 1487 aut
996 1421 1094 1503 alter,
1123 1417 1210 1502 quod
1236 1421 1411 1487 sescenties

260 1521 363 1588 altera
384 1520 508 1588 familia
528 1523 661 1588 voculas
684 1521 841 1605 quasdam
867 1523 991 1608 omisit,
1020 1542 1101 1605 quas
1129 1522 1232 1589 altera
1258 1521 1410 1604 servavit,

260 1623 415 1707 imprimis
430 1623 596 1708 articulos;
618 1644 677 1690 neo
699 1644 761 1691 uon
783 1625 883 1692 verba
904 1624 1064 1708 simplicia
1086 1629 1118 1691 et
1140 1622 1320 1708 composita
1341 1639 1413 1688 sae·

259 1725 392 1810 pissime
407 1731 648 1792 commutantur.
692 1726 827 1793 Accedit
848 1724 934 1809 quod
949 1725 1123 1793 innumeris
1137 1723 1217 1792 locis
1239 1724 1318 1792 crdo
1340 1745 1410 1792 vcr-

258 1827 372 1894 borum
393 1825 446 1892 hic
467 1827 559 1894 aliter
581 1828 781 1894 constituitur
802 1833 900 1912 atque
921 1828 1004 1912 illic,
1031 1828 1130 1910 idque
1151 1827 1213 1909 ita,
1235 1834 1271 1894 ut
1298 1847 1410 1894 verum

258 1929 389 2012 assequi
415 1929 604 2014 plerumque
632 1931 761 1996 omnino
789 1951 851 1997 non
880 1930 985 1998 liceat
1030 1929 1121 2009 Quae
1149 1929 1267 1997 menda
1293 1928 1410 2011 omnia,

259 2032 406 2116 quamvis
418 2033 549 2115 negotia
558 2032 652 2099 nobis
669 2031 854 2114 exhibeant,
869 2031 915 2098 ita
929 2038 1004 2099 sunt
1018 2039 1213 2118 comparata,
1228 2036 1264 2098 ut
1278 2030 1410 2113 librarii,

259 2133 459 2215 neglegentis
480 2132 625 2215 quidem,
654 2132 877 2214 indiligentiae
899 2141 931 2200 et
945 2133 1093 2201 incuriae
1115 2135 1235 2221 optimo
1256 2134 1325 2200 iure
1353 2131 1408 2198 tri-

260 2237 412 2318 buantur3
441 2255 552 2300 verum
578 2234 706 2300 tertium
735 2240 842 2301 exstat
869 2253 971 2316 genus
1000 2235 1267 2319 differentiarum,
1297 2235 1410 2318 quales
1498 2248 1502 2268 ¹

259 2336 419 2404 ascribas
434 2353 572 2402 errore
587 2335 748 2420 profectas
763 2355 834 2402 esse
849 2357 943 2405 nemo
958 2337 1021 2403 sibi
1035 2336 1251 2422 persuadebit.
1280 2337 1410 2404 Etenim

260 2458 331 2506 oum
361 2437 394 2503 in
423 2438 525 2503 altera
552 2438 697 2505 codicum
724 2438 848 2506 familia
875 2439 1011 2522 legimus
1038 2459 1070 2505 v.
1100 2432 1342 2520 ἀπολέσαντες,
1375 2440 1410 2506 in

259 2541 363 2607 altera
384 2559 597 2624 synonymum
619 2541 715 2625 plane
738 2540 882 2608 eiusdem
904 2540 1024 2624 vigoris
1047 2532 1293 2624 ἀποβαλόντες,
1323 2542 1409 2608 sirni-

259 2642 332 2708 liter
346 2662 385 2708 ac
399 2644 580 2728 κατέστησε
591 2677 633 2689 -
648 2633 814 2721 ἀπέδειξε,
833 2649 889 2709 aut
904 2663 974 2708 cum
990 2642 1073 2710 inter
1088 2644 1169 2710 duas
1183 2632 1273 2710 ¹verbi
1289 2646 1409 2712 formas

259 2746 346 2831 optio
357 2737 969 2831 (181111νθίιιῑᾑρημένοις-ἑλομένοις,
979 2743 1111 2831 γεγόνοι
1121 2781 1158 2790 -
1171 2748 1300 2834 γένοιτο
1313 2766 1407 2813 unus·

259 2847 394 2930 quisque
426 2846 563 2929 vestigia
594 2848 860 2930 correctricis
894 2866 1030 2914 manus
1063 2866 1219 2932 apparere
1247 2846 1409 2914 concedet.

257 2951 353 3017 Iuvat
373 2946 518 3034 pluribus
533 2949 690 3032 exemplis
703 2950 838 3035 prolatis
859 2949 1001 3017 indolem
1023 2950 1259 3032 discrepantiae
1279 2949 1410 3016 uberius

257 3052 434 3133 illustrare;
457 3068 497 3116 ac
511 3051 647 3134 primum
662 3058 845 3136 suspectum
860 3059 909 3119 est
929 3050 1016 3134 quod
1037 3070 1199 3136 generum,
1221 3057 1410 3136 temporum,

258 3152 423 3220 modorum
446 3153 552 3238 verbi,
574 3173 719 3221 necnon
740 3155 877 3221 nominis
899 3172 1100 3220 numerorum
1122 3153 1206 3220 inter
1226 3173 1263 3220 se
1283 3173 1408 3238 permu-

165 3269 176 3298 ‘
258 3261 397 3323 tatarum
410 3257 444 3322 in
459 3256 573 3338 quavis
594 3256 663 3322 fere
684 3256 804 3340 pagina
826 3249 975 3344 exempla
995 3262 1171 3339 occurrunt,
1195 3277 1222 3323 e.
1238 3273 1270 3336 g.
1312 3255 1408 3322 Num.

260 3361 330 3440 126,
349 3361 386 3422 19
409 3368 578 3424 ποιεῖν-
593 3359 752 3444 mosaicam
778 3359 848 3443 138,
867 3361 904 3422 13
927 3354 970 3422 τά
991 3359 1075 3423 θεῖα
1089 3394 1132 3406 -
1146 3353 1184 3423 τὸ
1201 3361 1317 3440 delon
1341 3357 1408 3424 Sol.

262 3463 365 3542 tuat
388 3458 464 3535 τοὺς
485 3458 747 3547 τεθνηκότας-
761 3456 821 3525 τὸν
842 3457 1044 3547 eadmundum
1069 3461 1139 3543 188,
1165 3462 1203 3526 18
1226 3457 1410 3535 πεποιθώς

257 3595 300 3607 -
321 3559 505 3646 πιστεύων,
527 3563 619 3629 Publ.
643 3565 752 3646 212,9
775 3553 893 3650 ἀνίηνα
917 3597 955 3607 -
981 3552 1116 3642 dolosa,
1139 3561 1173 3627 in
1195 3580 1259 3644 quo
1280 3561 1409 3630 nomine

259 3660 422 3730 exarando
443 3663 586 3730 familiae
608 3683 735 3748 semper
756 3662 927 3747 dissident;
950 3663 1152 3747 Them.220‚
1172 3667 1209 3727 12
1228 3661 1409 3729 ἐπίσταται

259 3797 297 3809 -
315 3760 503 3846 ἐπίσταιτο,
525 3766 699 3832 sescenties
712 3766 745 3831 in
761 3765 918 3833 eiusmodi
934 3765 1106 3834 enuntiatis
1127 3765 1249 3832 formae
1271 3765 1410 3850 optativi

258 3870 291 3933 et
312 3864 479 3932 indicativi
500 3865 591 3932 nulla
617 3868 810 3934 necessitate
838 3873 1016 3952 mutantur;
1045 3870 1124 3950 235,
1148 3870 1188 3932 23
1211 3865 1344 3950 ἔπεμπε
1365 3903 1409 3914 --

257 3970 402 4051 πέμπεις
426 3966 514 4034 (iam.
531 3971 603 4053 252,
620 3972 660 4034 30
682 3960 950 4036 ἀποδείκνυσθαι
964 4006 1006 4015 -
1022 3960 1275 4053 ἀποδεικνύναι,
1299 3972 1372 4052 277,
1387 3972 1407 4032 2

256 4072 420 4156 θρέψασα
448 4106 490 4116 -
509 4056 733 4156 Ιθρεψαμένῃ
759 4071 855 4142 Arist.
878 4072 926 4154 ΙΙ,
951 4074 1027 4155 163,
1052 4075 1090 4136 13
1119 4063 1208 4155 ὁρῶν
1236 4106 1278 4118 -
1308 4067 1409 4147 ἰὸὠνς
