3188 4758
666 245 878 318 ...1¹3-

194 407 352 492 soedavit3
387 427 472 491 quae
500 409 618 495 menda
646 409 713 477 fere
742 410 852 482 omnia
880 410 1055 478 Vulcobius
1084 411 1266 497 adnotavit,
1300 412 1351 480 eui

195 517 282 578 certe
304 509 407 577 codex
428 511 485 578 ille
507 517 635 596 praesto
658 513 756 580 fuisse
778 512 915 580 videtur.
1343 569 1344 574 .

279 613 348 678 Iam
377 632 454 681 vero
483 621 518 679 ut
544 613 701 680 familiam
726 615 763 680 Y¹
786 615 926 682 breviter
954 615 1184 700 perstringam,
1214 615 1350 701 primurn

193 715 299 781 locum
321 714 445 782 obtinet
473 715 544 783 eod.
567 713 934 797 Sangermanensis
958 717 1036 802 Sg,
1060 735 1197 799 quocum
1219 717 1350 784 invitis

193 817 329 902 Numae,
352 817 468 902 Ages.‚
491 817 602 904 Pomp.
625 825 748 886 tantum
771 817 969 904 confligatur.
1013 821 1147 905 Propter
1169 821 1238 887 eius
1260 819 1349 887 exili·

193 924 293 985 tatem
313 919 522 1004 praecipuum
542 920 784 988 fundamentum
801 920 943 988 familiae
959 926 1009 986 est
1023 921 1094 989 cod.
1109 923 1195 988 Par.
1215 925 1292 987 1671
1310 924 1351 1005 A,

193 1019 249 1102 qu'i
276 1021 368 1086 illum
396 1041 460 1088 non
488 1021 584 1106 plane
612 1023 801 1108 aequiperat
829 1023 964 1106 virtute,
992 1026 1151 1108 ceterum,
1179 1023 1235 1090 ubi
1262 1022 1351 1091 illius

193 1131 257 1206 ope
280 1121 423 1190 destituti
435 1142 565 1206 sumus,
587 1126 862 1210 propugnaculum
883 1123 992 1209 stirpis
1009 1143 1046 1190 se
1066 1125 1245 1210 praestat¹)
1290 1125 1351 1192 His

195 1223 323 1290 accedit
343 1243 461 1308 magna
482 1226 577 1292 turba
598 1225 755 1312 codicum,
777 1246 857 1309 quos
874 1226 1013 1294 Sintenis
1028 1260 1072 1273 -
1085 1248 1149 1294 non
1169 1234 1352 1296 constanter

193 1359 236 1370 -
257 1325 291 1391 in
319 1346 412 1393 usum
440 1329 611 1410 convertit,
640 1331 828 1414 plerumque
850 1331 1024 1411 Italorum,
1053 1347 1134 1410 quos
1165 1350 1351 1398 enumerare

193 1429 324 1513 longum
346 1435 412 1512 est,
440 1436 473 1496 et
495 1430 716 1514 Laurentiani,
747 1431 909 1514 Vaticani,
935 1430 1156 1516 Ambrosiani,
1185 1432 1350 1515 Marciani,

194 1549 274 1613 quos
306 1531 535 1598 recentissimis
568 1532 765 1615 temporibus
794 1555 848 1601 vv.
876 1533 930 1599 dd.
961 1533 1153 1600 effoderunt.
1202 1533 1351 1617 Denique

193 1631 307 1700 eodem
328 1633 398 1699 iure
420 1654 459 1701 ao
478 1652 575 1719 supra
590 1633 734 1701 codicem
750 1633 785 1718 O,
801 1635 956 1702 lectiones
971 1635 1122 1702 Vulcobii
1144 1641 1177 1702 et
1199 1635 1351 1720 anonymi

192 1734 246 1800 hic
266 1755 491 1802 commemoro.

280 1824 438 1914 Quoniam
459 1837 653 1904 familiarum
674 1837 838 1923 praesidia
857 1838 998 1906 breviter
1011 1839 1045 1905 in
1061 1845 1232 1923 conspectu
1247 1839 1350 1924 posui,

191 1939 258 2005 iam
280 1939 414 2022 singulis
440 1939 532 2006 libris
561 1939 754 2006 examinatis
783 1939 947 2022 utriusque
976 1941 1119 2008 familiae
1148 1946 1294 2006 naturam
1318 1945 1351 2007 et

191 2040 334 2108 indolem
355 2041 510 2126 indagare
525 2041 676 2124 conabor,
701 2048 736 2108 ut
751 2042 889 2126 denique
905 2041 1082 2110 diiudicare
1098 2043 1255 2124 studeam,
1279 2048 1351 2109 ntra

190 2143 300 2229 palma
315 2143 414 2228 digna
428 2145 481 2227 sit,
503 2148 574 2210 utra
588 2151 749 2229 prostrata
771 2143 906 2228 digitum
926 2145 1041 2212 tollere
1063 2149 1206 2238 cogatur.
1242 2145 1350 2226 Atque

191 2245 318 2312 initium
344 2246 474 2328 quidem
502 2248 665 2332 capiamus
687 2265 708 2310 a
729 2246 804 2312 fam.
827 2247 875 2330 X,
904 2246 994 2314 ouius
1022 2246 1255 2315 nobilissimam
1276 2265 1349 2331 pro·

190 2346 318 2429 geniem
341 2346 738 2416 Seitenstettensem
760 2367 831 2416 esse
854 2348 1069 2434 exposuimus.
1350 2414 1353 2419 .

277 2448 389 2516 (ludici
411 2449 450 2516 St
472 2451 616 2517 nascenti
637 2450 767 2536 propitii
790 2451 824 2517 di
845 2471 907 2518 non
939 2448 1124 2535 defuerunt,
1153 2451 1272 2536 quippe
1294 2449 1350 2534 qui

191 2552 389 2636 conscriptus
405 2553 447 2618 sit
461 2551 503 2618 ab
519 2552 647 2619 homine
669 2558 701 2619 et
723 2552 968 2635 diligentissimo
985 2558 1017 2620 et
1035 2553 1350 2637 graecamlinguam

191 2756 346 2837 consulto,
368 2757 575 2824 succumbere
596 2776 661 2824 non
682 2763 802 2842 posset.
845 2758 946 2824 Immo
962 2756 1092 2840 saepius
1108 2762 1175 2822 tam
1191 2757 1350 2824 mirabilia

191 2857 339 2942 procudit
361 2865 512 2942 monstra,
535 2866 569 2924 ut
583 2859 723 2944 suspicio
741 2858 905 2926 oboriatur
919 2879 1003 2943 eum,
1025 2847 1218 2926 sententiam
1240 2879 1350 2927 eorum

190 2977 274 3042 quae
289 2961 502 3028 transferebat
517 2961 648 3028 minime
666 2965 859 3043 assecutum,
881 2961 1002 3045 formas
1024 2967 1151 3028 tantum
1171 2961 1350 3048 litterarum

190 3080 289 3145 quam
310 3062 549 3130 accuratissime
572 3061 767 3148 depinxisse.
804 3062 901 3129 Ouios
916 3063 963 3130 rei
979 3063 1164 3147 exemplum
1185 3068 1348 3146 praestan·

189 3165 348 3230 tissimum
369 3165 496 3250 reperio
517 3165 552 3230 in
567 3169 664 3250 Ages.
690 3168 759 3248 165,
778 3168 913 3247 14-15,
936 3164 992 3230 ubi
1015 3169 1117 3232 toturn
1140 3164 1349 3248 enuntiatum,
1385 3211 1389 3220 .

191 3285 263 3332 cum
277 3268 374 3352 paulo
389 3266 551 3333 difficilius
565 3271 650 3333 esset
661 3266 834 3350 intellectu,
850 3285 914 3332 uno
929 3271 1038 3334 tenore
1053 3266 1273 3332 continuatum
1289 3271 1348 3346 cst,

189 3368 279 3434 nullo
306 3367 417 3436 addito
450 3373 598 3435 accentu:
632 3364 1349 3453 αλλουσυγεντικαλλιππιὸασοόικηδιακτασ,
1430 3415 1434 3426 ·
1481 3387 1484 3392 ’

188 3469 241 3536 cui
269 3468 357 3536 haud
385 3469 541 3537 dissimile
569 3469 610 3551 ΙΙ,
634 3471 706 3554 222,
731 3475 771 3537 30
800 3469 1027 3558 φαβοσηλατω
1057 3478 1089 3537 et
1118 3470 1183 3554 III,
1215 3471 1284 3552 186,
1307 3471 1348 3534 28

190 3563 409 3654 ἇνδρᾳσντας.
455 3571 549 3640 Unde
571 3571 606 3637 id
625 3589 753 3654 quoque
775 3573 936 3640 lucramur
956 3572 1122 3640 librarium
1143 3589 1348 3653 nequaquam

189 3693 321 3758 operam
342 3674 482 3756 dedisse,
504 3679 539 3740 ut
557 3693 687 3740 sensum
709 3673 939 3741 intricatiorem
963 3674 1155 3753 enuclearet,
1178 3693 1251 3741 eum
1265 3673 1349 3740 alius

189 3776 321 3860 quidam
343 3796 400 3860 pro
423 3781 519 3862 captu
540 3775 731 3843 sententiam
753 3776 816 3843 sibi
832 3777 1012 3844 formasset.
1056 3775 1186 3843 Deinde
1200 3774 1289 3842 haud
1302 3776 1349 3843 ita

188 3897 339 3964 magnam
361 3895 498 3960 graecae
520 3877 649 3960 linguae
671 3877 927 3961 intellegentiam
942 3876 1036 3962 sapit,
1059 3877 1145 3961 quod
1160 3899 1192 3946 v.
1208 3875 1347 3966 δραχμή,

277 4015 302 4080 t)
325 4010 456 4082 siquidem
480 4010 609 4068 lectiones
626 4010 804 4068 laurentiani
828 4015 870 4080 69,
889 4016 904 4067 6
922 4010 1043 4067 nondum
1059 4026 1193 4070 excussae
1214 4017 1292 4078 sunt,
1312 4012 1348 4070 ct.

189 4096 280 4152 Fuhr
296 4095 344 4152 ed?
357 4097 406 4164 Ag.
427 4101 456 4152 et
472 4096 573 4154 Oleum.
592 4097 709 4166 append.
728 4113 756 4168 p.
777 4101 835 4152 17³.
