<?xml version="1.0" encoding="UTF-8"?>
<!DOCTYPE html PUBLIC "-//W3C//DTD XHTML 1.0 Transitional//EN"
    "http://www.w3.org/TR/xhtml1/DTD/xhtml1-transitional.dtd">
<html xmlns="http://www.w3.org/1999/xhtml" xml:lang="en" lang="en">
 <head>
  <title>
</title>
<meta http-equiv="Content-Type" content="text/html;charset=utf-8" />
  <meta name='ocr-system' content='tesseract 3.04.00' />
  <meta name='ocr-capabilities' content='ocr_page ocr_carea ocr_par ocr_line ocrx_word'/>
</head>
<body>
  <div class='ocr_page' id='page_1' title='image "./decodiceplutarc00meyegoog_0012.png"; bbox 0 0 3188 4758; ppageno 0'>
   <div class='ocr_carea' id='block_1_1' title="bbox 168 1163 1320 1387">
    <p class='ocr_par' dir='ltr' id='par_1_1' title="bbox 168 1163 1320 1387">
     <span class='ocr_line' id='line_1_1' title="bbox 253 1163 1320 1290; baseline 0.002 -29"><span class='ocrx_word' id='word_1_1' title='bbox 253 1163 338 1266; x_wconf 75' lang='lat' dir='ltr'>(hum</span> <span class='ocrx_word' id='word_1_2' title='bbox 361 1197 494 1290; x_wconf 82' lang='lat' dir='ltr'>Carolus</span> <span class='ocrx_word' id='word_1_3' title='bbox 510 1188 651 1264; x_wconf 88' lang='lat' dir='ltr'>Sintenis</span> <span class='ocrx_word' id='word_1_4' title='bbox 674 1217 758 1264; x_wconf 89' lang='lat' dir='ltr'>anno</span> <span class='ocrx_word' id='word_1_5' title='bbox 781 1198 811 1264; x_wconf 93' lang='lat' dir='ltr'>h.</span> <span class='ocrx_word' id='word_1_6' title='bbox 828 1217 853 1264; x_wconf 85' lang='lat' dir='ltr'>s.</span> <span class='ocrx_word' id='word_1_7' title='bbox 870 1201 910 1265; x_wconf 89' lang='grc'>38</span> <span class='ocrx_word' id='word_1_8' title='bbox 932 1197 976 1263; x_wconf 91' lang='lat' dir='ltr'>ad</span> <span class='ocrx_word' id='word_1_9' title='bbox 998 1197 1141 1266; x_wconf 91' lang='lat' dir='ltr'>edendas</span> <span class='ocrx_word' id='word_1_10' title='bbox 1156 1187 1320 1266; x_wconf 76' lang='lat' dir='ltr'>Plutarchi</span> 
     </span>
     <span class='ocr_line' id='line_1_2' title="bbox 168 1298 1320 1387; baseline -0.005 -17"><span class='ocrx_word' id='word_1_11' title='bbox 168 1301 254 1370; x_wconf 85' lang='lat' dir='ltr'>vitas</span> <span class='ocrx_word' id='word_1_12' title='bbox 277 1301 451 1387; x_wconf 89' lang='lat' dir='ltr'>parallelas</span> <span class='ocrx_word' id='word_1_13' title='bbox 473 1298 655 1381; x_wconf 80' lang='lat' dir='ltr'>accederet,</span> <span class='ocrx_word' id='word_1_14' title='bbox 684 1318 851 1383; x_wconf 88' lang='lat' dir='ltr'>paucaque</span> <span class='ocrx_word' id='word_1_15' title='bbox 872 1299 913 1368; x_wconf 87' lang='lat' dir='ltr'>dc</span> <span class='ocrx_word' id='word_1_16' title='bbox 935 1301 1046 1368; x_wconf 89' lang='lat' dir='ltr'>critica</span> <span class='ocrx_word' id='word_1_17' title='bbox 1074 1320 1184 1368; x_wconf 86' lang='lat' dir='ltr'>earum</span> <span class='ocrx_word' id='word_1_18' title='bbox 1212 1299 1320 1368; x_wconf 91' lang='lat' dir='ltr'>condi-</span> 
     </span>
    </p>
   </div>
   <div class='ocr_carea' id='block_1_2' title="bbox 166 1401 1334 4076">
    <p class='ocr_par' dir='ltr' id='par_1_2' title="bbox 166 1401 1334 2694">
     <span class='ocr_line' id='line_1_3' title="bbox 169 1401 1320 1487; baseline -0.005 -15"><span class='ocrx_word' id='word_1_19' title='bbox 169 1405 260 1472; x_wconf 90' lang='lat' dir='ltr'>cione</span> <span class='ocrx_word' id='word_1_20' title='bbox 288 1404 322 1468; x_wconf 93' lang='lat' dir='ltr'>in</span> <span class='ocrx_word' id='word_1_21' title='bbox 349 1403 453 1487; x_wconf 88' lang='lat' dir='ltr'>primo</span> <span class='ocrx_word' id='word_1_22' title='bbox 484 1402 647 1468; x_wconf 86' lang='lat' dir='ltr'>volumine</span> <span class='ocrx_word' id='word_1_23' title='bbox 676 1403 890 1486; x_wconf 78' lang='lat' dir='ltr'>praeferetur,</span> <span class='ocrx_word' id='word_1_24' title='bbox 923 1401 1097 1470; x_wconf 85' lang='lat' dir='ltr'>admodum</span> <span class='ocrx_word' id='word_1_25' title='bbox 1124 1421 1255 1471; x_wconf 88' lang='lat' dir='ltr'>mancus</span> <span class='ocrx_word' id='word_1_26' title='bbox 1289 1401 1320 1467; x_wconf 91' lang='lat' dir='ltr'>ei</span> 
     </span>
     <span class='ocr_line' id='line_1_4' title="bbox 167 1503 1321 1591; baseline -0.003 -19"><span class='ocrx_word' id='word_1_27' title='bbox 167 1514 297 1591; x_wconf 87' lang='lat' dir='ltr'>praesto</span> <span class='ocrx_word' id='word_1_28' title='bbox 327 1511 396 1572; x_wconf 89' lang='lat' dir='ltr'>erat</span> <span class='ocrx_word' id='word_1_29' title='bbox 430 1503 575 1570; x_wconf 87' lang='lat' dir='ltr'>codicum</span> <span class='ocrx_word' id='word_1_30' title='bbox 609 1510 799 1589; x_wconf 89' lang='lat' dir='ltr'>apparatus,</span> <span class='ocrx_word' id='word_1_31' title='bbox 834 1522 897 1586; x_wconf 91' lang='lat' dir='ltr'>quo</span> <span class='ocrx_word' id='word_1_32' title='bbox 932 1503 976 1570; x_wconf 91' lang='lat' dir='ltr'>ad</span> <span class='ocrx_word' id='word_1_33' title='bbox 1011 1511 1133 1572; x_wconf 90' lang='lat' dir='ltr'>rectum</span> <span class='ocrx_word' id='word_1_34' title='bbox 1166 1503 1321 1572; x_wconf 91' lang='lat' dir='ltr'>iudicium</span> 
     </span>
     <span class='ocr_line' id='line_1_5' title="bbox 166 1605 1321 1694; baseline -0.003 -18"><span class='ocrx_word' id='word_1_35' title='bbox 166 1608 336 1694; x_wconf 85' lang='lat' dir='ltr'>parvenire</span> <span class='ocrx_word' id='word_1_36' title='bbox 363 1627 428 1674; x_wconf 91' lang='lat' dir='ltr'>non</span> <span class='ocrx_word' id='word_1_37' title='bbox 451 1612 567 1689; x_wconf 89' lang='lat' dir='ltr'>posset.</span> <span class='ocrx_word' id='word_1_38' title='bbox 611 1605 654 1670; x_wconf 84' lang='lat' dir='ltr'>Et</span> <span class='ocrx_word' id='word_1_39' title='bbox 675 1611 847 1687; x_wconf 89' lang='lat' dir='ltr'>antequam</span> <span class='ocrx_word' id='word_1_40' title='bbox 869 1605 968 1673; x_wconf 91' lang='lat' dir='ltr'>editio</span> <span class='ocrx_word' id='word_1_41' title='bbox 990 1607 1139 1674; x_wconf 87' lang='lat' dir='ltr'>absoluta</span> <span class='ocrx_word' id='word_1_42' title='bbox 1161 1611 1224 1690; x_wconf 89' lang='lat' dir='ltr'>est,</span> <span class='ocrx_word' id='word_1_43' title='bbox 1250 1605 1321 1690; x_wconf 87' lang='lat' dir='ltr'>ipsc</span> 
     </span>
     <span class='ocr_line' id='line_1_6' title="bbox 167 1705 1321 1791; baseline 0 -17"><span class='ocrx_word' id='word_1_44' title='bbox 167 1711 201 1776; x_wconf 93' lang='lat' dir='ltr'>in</span> <span class='ocrx_word' id='word_1_45' title='bbox 223 1709 304 1777; x_wconf 91' lang='lat' dir='ltr'>duos</span> <span class='ocrx_word' id='word_1_46' title='bbox 326 1709 425 1776; x_wconf 91' lang='lat' dir='ltr'>libros</span> <span class='ocrx_word' id='word_1_47' title='bbox 447 1707 679 1790; x_wconf 89' lang='lat' dir='ltr'>manuscriptos</span> <span class='ocrx_word' id='word_1_48' title='bbox 701 1705 829 1790; x_wconf 83' lang='lat' dir='ltr'>incidit,</span> <span class='ocrx_word' id='word_1_49' title='bbox 851 1707 892 1772; x_wconf 68' lang='lat' dir='ltr'>F*</span> <span class='ocrx_word' id='word_1_50' title='bbox 920 1715 952 1774; x_wconf 86' lang='lat' dir='ltr'>et</span> <span class='ocrx_word' id='word_1_51' title='bbox 974 1709 1016 1791; x_wconf 91' lang='lat' dir='ltr'>L,</span> <span class='ocrx_word' id='word_1_52' title='bbox 1046 1709 1101 1791; x_wconf 90' lang='lat' dir='ltr'>qui</span> <span class='ocrx_word' id='word_1_53' title='bbox 1129 1709 1321 1776; x_wconf 87' lang='lat' dir='ltr'>sententiam</span> 
     </span>
     <span class='ocr_line' id='line_1_7' title="bbox 168 1805 1321 1893; baseline -0.003 -15"><span class='ocrx_word' id='word_1_54' title='bbox 168 1811 254 1893; x_wconf 85' lang='lat' dir='ltr'>cius,</span> <span class='ocrx_word' id='word_1_55' title='bbox 283 1810 422 1877; x_wconf 82' lang='lat' dir='ltr'>maxime</span> <span class='ocrx_word' id='word_1_56' title='bbox 445 1809 486 1877; x_wconf 89' lang='lat' dir='ltr'>dc</span> <span class='ocrx_word' id='word_1_57' title='bbox 509 1807 664 1893; x_wconf 88' lang='lat' dir='ltr'>Stephani</span> <span class='ocrx_word' id='word_1_58' title='bbox 685 1805 765 1890; x_wconf 92' lang='lat' dir='ltr'>fide,</span> <span class='ocrx_word' id='word_1_59' title='bbox 792 1807 859 1874; x_wconf 90' lang='lat' dir='ltr'>iam</span> <span class='ocrx_word' id='word_1_60' title='bbox 888 1814 964 1876; x_wconf 89' lang='lat' dir='ltr'>tunc</span> <span class='ocrx_word' id='word_1_61' title='bbox 990 1808 1196 1877; x_wconf 89' lang='lat' dir='ltr'>infirmarunt.</span> <span class='ocrx_word' id='word_1_62' title='bbox 1240 1809 1321 1876; x_wconf 90' lang='lat' dir='ltr'>Inde</span> 
     </span>
     <span class='ocr_line' id='line_1_8' title="bbox 167 1909 1320 1996; baseline 0.002 -20"><span class='ocrx_word' id='word_1_63' title='bbox 167 1909 293 1977; x_wconf 91' lang='lat' dir='ltr'>abillo</span> <span class='ocrx_word' id='word_1_64' title='bbox 324 1916 466 1996; x_wconf 89' lang='lat' dir='ltr'>tempore</span> <span class='ocrx_word' id='word_1_65' title='bbox 494 1928 629 1994; x_wconf 86' lang='lat' dir='ltr'>magnus</span> <span class='ocrx_word' id='word_1_66' title='bbox 659 1909 805 1977; x_wconf 86' lang='lat' dir='ltr'>codicum</span> <span class='ocrx_word' id='word_1_67' title='bbox 838 1931 988 1979; x_wconf 77' lang='lat' dir='ltr'>numerus</span> <span class='ocrx_word' id='word_1_68' title='bbox 1019 1911 1213 1996; x_wconf 90' lang='lat' dir='ltr'>inclaruit¹),</span> <span class='ocrx_word' id='word_1_69' title='bbox 1247 1911 1320 1979; x_wconf 93' lang='lat' dir='ltr'>dico</span> 
     </span>
     <span class='ocr_line' id='line_1_9' title="bbox 168 2011 1319 2110; baseline 0 -32"><span class='ocrx_word' id='word_1_70' title='bbox 168 2011 442 2097; x_wconf 73' lang='lat' dir='ltr'>Laurentian082),</span> <span class='ocrx_word' id='word_1_71' title='bbox 463 2012 708 2092; x_wconf 87' lang='lat' dir='ltr'>Ambrosianus,</span> <span class='ocrx_word' id='word_1_72' title='bbox 732 2011 942 2098; x_wconf 86' lang='lat' dir='ltr'>Vaticanos³),</span> <span class='ocrx_word' id='word_1_73' title='bbox 966 2012 1186 2099; x_wconf 81' lang='lat' dir='ltr'>Marcianos⁴),</span> <span class='ocrx_word' id='word_1_74' title='bbox 1212 2013 1319 2110; x_wconf 78' lang='lat' dir='ltr'>Matri-</span> 
     </span>
     <span class='ocr_line' id='line_1_10' title="bbox 167 2110 1334 2199; baseline -0.001 -18"><span class='ocrx_word' id='word_1_75' title='bbox 167 2113 331 2199; x_wconf 82' lang='lat' dir='ltr'>tenscm⁵),</span> <span class='ocrx_word' id='word_1_76' title='bbox 361 2110 692 2196; x_wconf 80' lang='lat' dir='ltr'>Seitenstettcnsem⁶).</span> <span class='ocrx_word' id='word_1_77' title='bbox 741 2111 806 2179; x_wconf 87' lang='lat' dir='ltr'>Sed</span> <span class='ocrx_word' id='word_1_78' title='bbox 833 2111 936 2180; x_wconf 89' lang='lat' dir='ltr'>valde·</span> <span class='ocrx_word' id='word_1_79' title='bbox 957 2115 1131 2198; x_wconf 85' lang='lat' dir='ltr'>lugendum</span> <span class='ocrx_word' id='word_1_80' title='bbox 1159 2113 1334 2197; x_wconf 88' lang='lat' dir='ltr'>estquod</span> 
     </span>
     <span class='ocr_line' id='line_1_11' title="bbox 167 2211 1321 2302; baseline -0.001 -19"><span class='ocrx_word' id='word_1_81' title='bbox 167 2216 248 2283; x_wconf 91' lang='lat' dir='ltr'>nihil</span> <span class='ocrx_word' id='word_1_82' title='bbox 270 2218 337 2283; x_wconf 86' lang='lat' dir='ltr'>fere</span> <span class='ocrx_word' id='word_1_83' title='bbox 361 2235 402 2282; x_wconf 88' lang='lat' dir='ltr'>cx</span> <span class='ocrx_word' id='word_1_84' title='bbox 430 2217 521 2283; x_wconf 92' lang='lat' dir='ltr'>libris</span> <span class='ocrx_word' id='word_1_85' title='bbox 548 2216 619 2282; x_wconf 90' lang='lat' dir='ltr'>istis</span> <span class='ocrx_word' id='word_1_86' title='bbox 647 2215 690 2280; x_wconf 92' lang='lat' dir='ltr'>ad</span> <span class='ocrx_word' id='word_1_87' title='bbox 720 2214 805 2282; x_wconf 91' lang='lat' dir='ltr'>hunc</span> <span class='ocrx_word' id='word_1_88' title='bbox 833 2214 920 2284; x_wconf 85' lang='lat' dir='ltr'>diem</span> <span class='ocrx_word' id='word_1_89' title='bbox 948 2218 1069 2302; x_wconf 89' lang='lat' dir='ltr'>publici</span> <span class='ocrx_word' id='word_1_90' title='bbox 1096 2211 1321 2284; x_wconf 55' lang='lat' dir='ltr'>iuris‘iactum</span> 
     </span>
     <span class='ocr_line' id='line_1_12' title="bbox 168 2317 1321 2406; baseline -0.002 -20"><span class='ocrx_word' id='word_1_91' title='bbox 168 2326 236 2404; x_wconf 89' lang='lat' dir='ltr'>cst,</span> <span class='ocrx_word' id='word_1_92' title='bbox 269 2318 331 2385; x_wconf 87' lang='lat' dir='ltr'>nisi</span> <span class='ocrx_word' id='word_1_93' title='bbox 364 2318 451 2402; x_wconf 92' lang='lat' dir='ltr'>quod</span> <span class='ocrx_word' id='word_1_94' title='bbox 482 2337 586 2404; x_wconf 89' lang='lat' dir='ltr'>pauca</span> <span class='ocrx_word' id='word_1_95' title='bbox 620 2317 771 2402; x_wconf 89' lang='lat' dir='ltr'>exempla</span> <span class='ocrx_word' id='word_1_96' title='bbox 803 2318 999 2386; x_wconf 82' lang='lat' dir='ltr'>Matritensis</span> <span class='ocrx_word' id='word_1_97' title='bbox 1030 2319 1173 2406; x_wconf 88' lang='lat' dir='ltr'>prodidit</span> <span class='ocrx_word' id='word_1_98' title='bbox 1201 2319 1321 2401; x_wconf 80' lang='lat' dir='ltr'>Graux,</span> 
     </span>
     <span class='ocr_line' id='line_1_13' title="bbox 168 2419 1320 2503; baseline -0.002 -15"><span class='ocrx_word' id='word_1_99' title='bbox 168 2421 402 2488; x_wconf 88' lang='lat' dir='ltr'>Marcianorum</span> <span class='ocrx_word' id='word_1_100' title='bbox 418 2421 595 2503; x_wconf 89' lang='lat' dir='ltr'>Michaelis,</span> <span class='ocrx_word' id='word_1_101' title='bbox 619 2419 895 2487; x_wconf 78' lang='lat' dir='ltr'>Scitcnstettensis</span> <span class='ocrx_word' id='word_1_102' title='bbox 910 2422 1064 2490; x_wconf 88' lang='lat' dir='ltr'>lectiones</span> <span class='ocrx_word' id='word_1_103' title='bbox 1078 2421 1112 2486; x_wconf 92' lang='lat' dir='ltr'>in</span> <span class='ocrx_word' id='word_1_104' title='bbox 1133 2421 1208 2488; x_wconf 88' lang='lat' dir='ltr'>vitis</span> <span class='ocrx_word' id='word_1_105' title='bbox 1224 2421 1320 2487; x_wconf 85' lang='lat' dir='ltr'>Arist.</span> 
     </span>
     <span class='ocr_line' id='line_1_14' title="bbox 169 2521 1322 2606; baseline 0 -17"><span class='ocrx_word' id='word_1_106' title='bbox 169 2531 202 2590; x_wconf 89' lang='lat' dir='ltr'>ct</span> <span class='ocrx_word' id='word_1_107' title='bbox 223 2523 292 2589; x_wconf 82' lang='lat' dir='ltr'>Cat.</span> <span class='ocrx_word' id='word_1_108' title='bbox 314 2524 348 2590; x_wconf 94' lang='lat' dir='ltr'>in</span> <span class='ocrx_word' id='word_1_109' title='bbox 375 2543 468 2590; x_wconf 90' lang='lat' dir='ltr'>usum</span> <span class='ocrx_word' id='word_1_110' title='bbox 496 2543 588 2590; x_wconf 93' lang='lat' dir='ltr'>suum</span> <span class='ocrx_word' id='word_1_111' title='bbox 616 2521 773 2588; x_wconf 90' lang='lat' dir='ltr'>convertit</span> <span class='ocrx_word' id='word_1_112' title='bbox 794 2521 954 2606; x_wconf 88' lang='lat' dir='ltr'>Herchcr,</span> <span class='ocrx_word' id='word_1_113' title='bbox 984 2522 1018 2590; x_wconf 93' lang='lat' dir='ltr'>in</span> <span class='ocrx_word' id='word_1_114' title='bbox 1044 2523 1120 2588; x_wconf 90' lang='lat' dir='ltr'>vitis</span> <span class='ocrx_word' id='word_1_115' title='bbox 1147 2523 1261 2589; x_wconf 81' lang='lat' dir='ltr'>Them.</span> <span class='ocrx_word' id='word_1_116' title='bbox 1290 2529 1322 2590; x_wconf 87' lang='lat' dir='ltr'>ct</span> 
     </span>
     <span class='ocr_line' id='line_1_15' title="bbox 168 2623 1127 2694; baseline -0.002 -3"><span class='ocrx_word' id='word_1_117' title='bbox 168 2627 240 2692; x_wconf 89' lang='lat' dir='ltr'>Per.</span> <span class='ocrx_word' id='word_1_118' title='bbox 263 2625 396 2694; x_wconf 88' lang='lat' dir='ltr'>editioni</span> <span class='ocrx_word' id='word_1_119' title='bbox 418 2625 653 2692; x_wconf 86' lang='lat' dir='ltr'>Sintenisianae</span> <span class='ocrx_word' id='word_1_120' title='bbox 675 2629 867 2690; x_wconf 86' lang='lat' dir='ltr'>retractatae</span> <span class='ocrx_word' id='word_1_121' title='bbox 889 2623 1009 2692; x_wconf 90' lang='lat' dir='ltr'>adiecit</span> <span class='ocrx_word' id='word_1_122' title='bbox 1030 2625 1127 2690; x_wconf 85' lang='lat' dir='ltr'>Fuhr.</span> 
     </span>
    </p>

    <p class='ocr_par' dir='ltr' id='par_1_3' title="bbox 169 2723 1323 3742">
     <span class='ocr_line' id='line_1_16' title="bbox 254 2723 1322 2810; baseline -0.002 -16"><span class='ocrx_word' id='word_1_123' title='bbox 254 2729 359 2796; x_wconf 89' lang='lat' dir='ltr'>Nemo</span> <span class='ocrx_word' id='word_1_124' title='bbox 381 2733 489 2794; x_wconf 87' lang='lat' dir='ltr'>autem</span> <span class='ocrx_word' id='word_1_125' title='bbox 511 2727 560 2792; x_wconf 89' lang='lat' dir='ltr'>vir</span> <span class='ocrx_word' id='word_1_126' title='bbox 582 2726 710 2809; x_wconf 88' lang='lat' dir='ltr'>doctus,</span> <span class='ocrx_word' id='word_1_127' title='bbox 737 2731 890 2808; x_wconf 89' lang='lat' dir='ltr'>qnantum</span> <span class='ocrx_word' id='word_1_128' title='bbox 912 2725 1022 2810; x_wconf 85' lang='lat' dir='ltr'>video,</span> <span class='ocrx_word' id='word_1_129' title='bbox 1051 2725 1158 2793; x_wconf 89' lang='lat' dir='ltr'>adhuc</span> <span class='ocrx_word' id='word_1_130' title='bbox 1185 2725 1219 2792; x_wconf 91' lang='lat' dir='ltr'>id</span> <span class='ocrx_word' id='word_1_131' title='bbox 1246 2723 1322 2808; x_wconf 83' lang='lat' dir='ltr'>egit,</span> 
     </span>
     <span class='ocr_line' id='line_1_17' title="bbox 170 2826 1321 2914; baseline -0.003 -18"><span class='ocrx_word' id='word_1_132' title='bbox 170 2835 205 2896; x_wconf 89' lang='lat' dir='ltr'>ut</span> <span class='ocrx_word' id='word_1_133' title='bbox 235 2831 415 2897; x_wconf 84' lang='lat' dir='ltr'>accuratius</span> <span class='ocrx_word' id='word_1_134' title='bbox 447 2828 622 2914; x_wconf 90' lang='lat' dir='ltr'>inquireret</span> <span class='ocrx_word' id='word_1_135' title='bbox 653 2827 687 2892; x_wconf 93' lang='lat' dir='ltr'>in</span> <span class='ocrx_word' id='word_1_136' title='bbox 719 2826 987 2895; x_wconf 86' lang='lat' dir='ltr'>necessitudinem</span> <span class='ocrx_word' id='word_1_137' title='bbox 1015 2828 1170 2894; x_wconf 89' lang='lat' dir='ltr'>librorum</span> <span class='ocrx_word' id='word_1_138' title='bbox 1197 2827 1321 2894; x_wconf 87' lang='lat' dir='ltr'>Plutar-</span> 
     </span>
     <span class='ocr_line' id='line_1_18' title="bbox 169 2929 1322 3018; baseline -0.004 -18"><span class='ocrx_word' id='word_1_139' title='bbox 169 2932 332 3014; x_wconf 91' lang='lat' dir='ltr'>cheorum,</span> <span class='ocrx_word' id='word_1_140' title='bbox 354 2930 509 3018; x_wconf 88' lang='lat' dir='ltr'>imprimis</span> <span class='ocrx_word' id='word_1_141' title='bbox 524 2937 560 2996; x_wconf 88' lang='lat' dir='ltr'>ut</span> <span class='ocrx_word' id='word_1_142' title='bbox 574 2929 722 2996; x_wconf 89' lang='lat' dir='ltr'>subtilius</span> <span class='ocrx_word' id='word_1_143' title='bbox 739 2929 948 3011; x_wconf 88' lang='lat' dir='ltr'>examinaret,</span> <span class='ocrx_word' id='word_1_144' title='bbox 968 2949 1107 3014; x_wconf 91' lang='lat' dir='ltr'>quonam</span> <span class='ocrx_word' id='word_1_145' title='bbox 1123 2929 1322 3013; x_wconf 85' lang='lat' dir='ltr'>cognationis</span> 
     </span>
     <span class='ocr_line' id='line_1_19' title="bbox 171 3029 1323 3118; baseline -0.004 -18"><span class='ocrx_word' id='word_1_146' title='bbox 171 3033 300 3100; x_wconf 86' lang='lat' dir='ltr'>vinculo</span> <span class='ocrx_word' id='word_1_147' title='bbox 315 3032 390 3100; x_wconf 90' lang='lat' dir='ltr'>libri</span> <span class='ocrx_word' id='word_1_148' title='bbox 410 3038 484 3118; x_wconf 88' lang='lat' dir='ltr'>post</span> <span class='ocrx_word' id='word_1_149' title='bbox 499 3032 532 3099; x_wconf 86' lang='lat' dir='ltr'>S.</span> <span class='ocrx_word' id='word_1_150' title='bbox 554 3033 674 3116; x_wconf 90' lang='lat' dir='ltr'>reperti</span> <span class='ocrx_word' id='word_1_151' title='bbox 695 3029 778 3096; x_wconf 89' lang='lat' dir='ltr'>inter</span> <span class='ocrx_word' id='word_1_152' title='bbox 798 3049 834 3096; x_wconf 90' lang='lat' dir='ltr'>se</span> <span class='ocrx_word' id='word_1_153' title='bbox 856 3037 953 3113; x_wconf 89' lang='lat' dir='ltr'>atque</span> <span class='ocrx_word' id='word_1_154' title='bbox 976 3051 1049 3098; x_wconf 92' lang='lat' dir='ltr'>cum</span> <span class='ocrx_word' id='word_1_155' title='bbox 1071 3031 1186 3098; x_wconf 84' lang='lat' dir='ltr'>ceteris</span> <span class='ocrx_word' id='word_1_156' title='bbox 1208 3029 1323 3097; x_wconf 89' lang='lat' dir='ltr'>conexi</span> 
     </span>
     <span class='ocr_line' id='line_1_20' title="bbox 169 3131 1322 3218; baseline -0.003 -18"><span class='ocrx_word' id='word_1_157' title='bbox 169 3134 242 3200; x_wconf 91' lang='lat' dir='ltr'>sint.</span> <span class='ocrx_word' id='word_1_158' title='bbox 296 3134 393 3201; x_wconf 76' lang='lat' dir='ltr'>(iuius</span> <span class='ocrx_word' id='word_1_159' title='bbox 427 3133 567 3201; x_wconf 88' lang='lat' dir='ltr'>muneris</span> <span class='ocrx_word' id='word_1_160' title='bbox 593 3138 720 3218; x_wconf 89' lang='lat' dir='ltr'>partem</span> <span class='ocrx_word' id='word_1_161' title='bbox 748 3133 1060 3216; x_wconf 89' lang='lat' dir='ltr'>quantulamcunque</span> <span class='ocrx_word' id='word_1_162' title='bbox 1093 3152 1152 3217; x_wconf 84' lang='lat' dir='ltr'>ego</span> <span class='ocrx_word' id='word_1_163' title='bbox 1185 3131 1322 3216; x_wconf 89' lang='lat' dir='ltr'>suscepi,</span> 
     </span>
     <span class='ocr_line' id='line_1_21' title="bbox 169 3233 1320 3317; baseline -0.002 -15"><span class='ocrx_word' id='word_1_164' title='bbox 169 3236 318 3302; x_wconf 90' lang='lat' dir='ltr'>nimirum</span> <span class='ocrx_word' id='word_1_165' title='bbox 350 3242 386 3303; x_wconf 90' lang='lat' dir='ltr'>ut</span> <span class='ocrx_word' id='word_1_166' title='bbox 418 3233 785 3310; x_wconf 83' lang='lat' dir='ltr'>Seitenstettensis</span> <span class='ocrx_word' id='word_1_167' title='bbox 817 3234 958 3300; x_wconf 89' lang='lat' dir='ltr'>maxime</span> <span class='ocrx_word' id='word_1_168' title='bbox 990 3235 1177 3303; x_wconf 88' lang='lat' dir='ltr'>memoriam</span> <span class='ocrx_word' id='word_1_169' title='bbox 1210 3233 1320 3317; x_wconf 90' lang='lat' dir='ltr'>explo-</span> 
     </span>
     <span class='ocr_line' id='line_1_22' title="bbox 170 3333 1320 3422; baseline 0 -20"><span class='ocrx_word' id='word_1_170' title='bbox 170 3350 305 3422; x_wconf 74' lang='lat' dir='ltr'>rarem,‘</span> <span class='ocrx_word' id='word_1_171' title='bbox 321 3356 494 3419; x_wconf 89' lang='lat' dir='ltr'>eorumque</span> <span class='ocrx_word' id='word_1_172' title='bbox 516 3336 685 3418; x_wconf 90' lang='lat' dir='ltr'>librorum,</span> <span class='ocrx_word' id='word_1_173' title='bbox 712 3336 767 3419; x_wconf 93' lang='lat' dir='ltr'>qui</span> <span class='ocrx_word' id='word_1_174' title='bbox 789 3334 966 3402; x_wconf 87' lang='lat' dir='ltr'>arctissime</span> <span class='ocrx_word' id='word_1_175' title='bbox 988 3333 1057 3403; x_wconf 91' lang='lat' dir='ltr'>cius</span> <span class='ocrx_word' id='word_1_176' title='bbox 1079 3335 1224 3420; x_wconf 82' lang='lat' dir='ltr'>vestigiis</span> <span class='ocrx_word' id='word_1_177' title='bbox 1245 3335 1320 3402; x_wconf 89' lang='lat' dir='ltr'>insi·</span> 
     </span>
     <span class='ocr_line' id='line_1_23' title="bbox 170 3437 1322 3524; baseline -0.003 -18"><span class='ocrx_word' id='word_1_178' title='bbox 170 3443 267 3506; x_wconf 88' lang='lat' dir='ltr'>stunt.</span> <span class='ocrx_word' id='word_1_179' title='bbox 316 3439 396 3506; x_wconf 83' lang='lat' dir='ltr'>Oum</span> <span class='ocrx_word' id='word_1_180' title='bbox 423 3447 531 3505; x_wconf 90' lang='lat' dir='ltr'>autem</span> <span class='ocrx_word' id='word_1_181' title='bbox 558 3459 683 3524; x_wconf 89' lang='lat' dir='ltr'>paucae</span> <span class='ocrx_word' id='word_1_182' title='bbox 710 3439 880 3522; x_wconf 68' lang='lat' dir='ltr'>lectioneS,</span> <span class='ocrx_word' id='word_1_183' title='bbox 909 3455 989 3519; x_wconf 90' lang='lat' dir='ltr'>quas</span> <span class='ocrx_word' id='word_1_184' title='bbox 1014 3437 1120 3503; x_wconf 90' lang='lat' dir='ltr'>adhuc</span> <span class='ocrx_word' id='word_1_185' title='bbox 1146 3437 1179 3502; x_wconf 92' lang='lat' dir='ltr'>in</span> <span class='ocrx_word' id='word_1_186' title='bbox 1207 3437 1322 3522; x_wconf 85' lang='lat' dir='ltr'>vulgus</span> 
     </span>
     <span class='ocr_line' id='line_1_24' title="bbox 171 3538 1323 3626; baseline -0.003 -17"><span class='ocrx_word' id='word_1_187' title='bbox 171 3540 343 3609; x_wconf 88' lang='lat' dir='ltr'>emiserunt</span> <span class='ocrx_word' id='word_1_188' title='bbox 369 3561 421 3608; x_wconf 90' lang='lat' dir='ltr'>vv.</span> <span class='ocrx_word' id='word_1_189' title='bbox 451 3540 522 3626; x_wconf 92' lang='lat' dir='ltr'>dd.,</span> <span class='ocrx_word' id='word_1_190' title='bbox 555 3541 742 3608; x_wconf 83' lang='lat' dir='ltr'>facultatem</span> <span class='ocrx_word' id='word_1_191' title='bbox 770 3560 834 3607; x_wconf 91' lang='lat' dir='ltr'>non</span> <span class='ocrx_word' id='word_1_192' title='bbox 861 3541 1002 3606; x_wconf 89' lang='lat' dir='ltr'>facerent</span> <span class='ocrx_word' id='word_1_193' title='bbox 1033 3538 1185 3606; x_wconf 89' lang='lat' dir='ltr'>idoneam</span> <span class='ocrx_word' id='word_1_194' title='bbox 1216 3548 1323 3606; x_wconf 88' lang='lat' dir='ltr'>ratum</span> 
     </span>
     <span class='ocr_line' id='line_1_25' title="bbox 177 3672 978 3742; baseline 0 -14"><span class='ocrx_word' id='word_1_195' title='bbox 177 3682 183 3698; x_wconf 89' lang='lat'><strong>·</strong></span> <span class='ocrx_word' id='word_1_196' title='bbox 258 3676 283 3740; x_wconf 87' lang='lat'>1)</span> <span class='ocrx_word' id='word_1_197' title='bbox 301 3672 336 3728; x_wconf 88' lang='lat' dir='ltr'>cl.</span> <span class='ocrx_word' id='word_1_198' title='bbox 355 3673 506 3729; x_wconf 84' lang='lat' dir='ltr'>Schenkl</span> <span class='ocrx_word' id='word_1_199' title='bbox 523 3673 552 3728; x_wconf 93' lang='lat' dir='ltr'>in</span> <span class='ocrx_word' id='word_1_200' title='bbox 569 3673 696 3729; x_wconf 86' lang='lat' dir='ltr'>Bursiuni</span> <span class='ocrx_word' id='word_1_201' title='bbox 713 3689 777 3730; x_wconf 89' lang='lat' dir='ltr'>ann.</span> <span class='ocrx_word' id='word_1_202' title='bbox 795 3673 858 3738; x_wconf 87' lang='lat' dir='ltr'>XII,</span> <span class='ocrx_word' id='word_1_203' title='bbox 879 3675 926 3727; x_wconf 84' lang='lat'>185</span> <span class='ocrx_word' id='word_1_204' title='bbox 937 3687 978 3742; x_wconf 89' lang='lat' dir='ltr'>sq.</span> 
     </span>
    </p>

    <p class='ocr_par' dir='ltr' id='par_1_4' title="bbox 256 3756 1209 3828">
     <span class='ocr_line' id='line_1_26' title="bbox 256 3756 1209 3828; baseline 0.003 -18"><span class='ocrx_word' id='word_1_205' title='bbox 256 3759 282 3823; x_wconf 79' lang='lat'>2)</span> <span class='ocrx_word' id='word_1_206' title='bbox 299 3756 421 3814; x_wconf 80' lang='lat' dir='ltr'>Schdll</span> <span class='ocrx_word' id='word_1_207' title='bbox 443 3759 536 3814; x_wconf 88' lang='lat' dir='ltr'>Herm.</span> <span class='ocrx_word' id='word_1_208' title='bbox 553 3758 586 3827; x_wconf 90' lang='lat' dir='ltr'>V,</span> <span class='ocrx_word' id='word_1_209' title='bbox 606 3763 705 3828; x_wconf 78' lang='lat' dir='ltr'>lldsq.</span> <span class='ocrx_word' id='word_1_210' title='bbox 740 3756 833 3813; x_wconf 89' lang='lat' dir='ltr'>Fuhr</span> <span class='ocrx_word' id='word_1_211' title='bbox 850 3773 914 3827; x_wconf 88' lang='lat' dir='ltr'>app.</span> <span class='ocrx_word' id='word_1_212' title='bbox 933 3757 975 3812; x_wconf 86' lang='lat' dir='ltr'>cd.</span> <span class='ocrx_word' id='word_1_213' title='bbox 993 3756 1044 3828; x_wconf 76' lang='lat' dir='ltr'>Ag.</span> <span class='ocrx_word' id='word_1_214' title='bbox 1062 3759 1091 3812; x_wconf 86' lang='lat' dir='ltr'>et</span> <span class='ocrx_word' id='word_1_215' title='bbox 1108 3756 1209 3813; x_wconf 84' lang='lat' dir='ltr'>Oleum.</span> 
     </span>
    </p>

    <p class='ocr_par' dir='ltr' id='par_1_5' title="bbox 256 3841 1322 3914">
     <span class='ocr_line' id='line_1_27' title="bbox 256 3841 1322 3914; baseline 0.004 -20"><span class='ocrx_word' id='word_1_216' title='bbox 256 3846 281 3908; x_wconf 84' lang='grc'>3)</span> <span class='ocrx_word' id='word_1_217' title='bbox 298 3841 391 3897; x_wconf 87' lang='lat' dir='ltr'>Fuhr</span> <span class='ocrx_word' id='word_1_218' title='bbox 407 3843 426 3898; x_wconf 90' lang='lat' dir='ltr'>l.</span> <span class='ocrx_word' id='word_1_219' title='bbox 439 3843 457 3898; x_wconf 93' lang='grc'>1.</span> <span class='ocrx_word' id='word_1_220' title='bbox 494 3843 608 3898; x_wconf 83' lang='lat' dir='ltr'>Graux</span> <span class='ocrx_word' id='word_1_221' title='bbox 625 3857 688 3898; x_wconf 89' lang='lat' dir='ltr'>ann.</span> <span class='ocrx_word' id='word_1_222' title='bbox 706 3857 777 3912; x_wconf 86' lang='lat' dir='ltr'>pour</span> <span class='ocrx_word' id='word_1_223' title='bbox 793 3842 924 3898; x_wconf 87' lang='lat' dir='ltr'>l&#39;cucour.</span> <span class='ocrx_word' id='word_1_224' title='bbox 943 3841 991 3898; x_wconf 90' lang='lat' dir='ltr'>des</span> <span class='ocrx_word' id='word_1_225' title='bbox 1009 3842 1046 3898; x_wconf 81' lang='lat' dir='ltr'>dt.</span> <span class='ocrx_word' id='word_1_226' title='bbox 1065 3841 1111 3898; x_wconf 83' lang='lat' dir='ltr'>Gr.</span> <span class='ocrx_word' id='word_1_227' title='bbox 1133 3845 1322 3914; x_wconf 77' lang='lat' dir='ltr'>1882,112sq.</span> 
     </span>
    </p>

    <p class='ocr_par' dir='ltr' id='par_1_6' title="bbox 255 3924 1240 3996">
     <span class='ocr_line' id='line_1_28' title="bbox 255 3924 1240 3996; baseline 0.004 -16"><span class='ocrx_word' id='word_1_228' title='bbox 255 3930 286 3992; x_wconf 69' lang='grc'>4)</span> <span class='ocrx_word' id='word_1_229' title='bbox 298 3925 485 3983; x_wconf 86' lang='lat' dir='ltr'>Michaelis</span> <span class='ocrx_word' id='word_1_230' title='bbox 503 3926 537 3982; x_wconf 85' lang='lat' dir='ltr'>dc</span> <span class='ocrx_word' id='word_1_231' title='bbox 553 3926 647 3982; x_wconf 78' lang='lat' dir='ltr'>codice</span> <span class='ocrx_word' id='word_1_232' title='bbox 664 3924 738 3982; x_wconf 79' lang='lat' dir='ltr'>Prot.</span> <span class='ocrx_word' id='word_1_233' title='bbox 756 3925 845 3982; x_wconf 81' lang='lat' dir='ltr'>Marc.</span> <span class='ocrx_word' id='word_1_234' title='bbox 864 3930 923 3993; x_wconf 82' lang='grc'><strong>386,</strong></span> <span class='ocrx_word' id='word_1_235' title='bbox 940 3926 1035 3996; x_wconf 80' lang='lat' dir='ltr'>Progr.</span> <span class='ocrx_word' id='word_1_236' title='bbox 1053 3926 1146 3982; x_wconf 84' lang='lat' dir='ltr'>Berlirr</span> <span class='ocrx_word' id='word_1_237' title='bbox 1165 3931 1240 3984; x_wconf 83' lang='lat'><strong>1886.</strong></span> 
     </span>
    </p>

    <p class='ocr_par' dir='ltr' id='par_1_7' title="bbox 256 4009 974 4076">
     <span class='ocr_line' id='line_1_29' title="bbox 256 4009 974 4076; baseline 0 -10"><span class='ocrx_word' id='word_1_238' title='bbox 256 4016 282 4076; x_wconf 82' lang='lat'>5)</span> <span class='ocrx_word' id='word_1_239' title='bbox 300 4011 414 4069; x_wconf 83' lang='lat' dir='ltr'>Graux</span> <span class='ocrx_word' id='word_1_240' title='bbox 431 4012 465 4066; x_wconf 80' lang='lat' dir='ltr'>de</span> <span class='ocrx_word' id='word_1_241' title='bbox 482 4009 628 4066; x_wconf 75' lang='lat' dir='ltr'>Plutarchi</span> <span class='ocrx_word' id='word_1_242' title='bbox 643 4010 704 4067; x_wconf 84' lang='lat' dir='ltr'>cod.</span> <span class='ocrx_word' id='word_1_243' title='bbox 723 4009 806 4068; x_wconf 82' lang='lat' dir='ltr'>Matr.</span> <span class='ocrx_word' id='word_1_244' title='bbox 824 4015 877 4068; x_wconf 85' lang='lat' dir='ltr'>etc.</span> <span class='ocrx_word' id='word_1_245' title='bbox 899 4015 974 4068; x_wconf 85' lang='grc'><strong>1880.</strong></span> 
     </span>
    </p>
   </div>
   <div class='ocr_carea' id='block_1_3' title="bbox 256 4095 1132 4235">
    <p class='ocr_par' dir='ltr' id='par_1_8' title="bbox 256 4095 1132 4235">
     <span class='ocr_line' id='line_1_30' title="bbox 256 4095 908 4166; baseline 0.002 -16"><span class='ocrx_word' id='word_1_246' title='bbox 256 4100 282 4164; x_wconf 90' lang='grc'>6)</span> <span class='ocrx_word' id='word_1_247' title='bbox 299 4096 450 4152; x_wconf 86' lang='lat' dir='ltr'>Hercher</span> <span class='ocrx_word' id='word_1_248' title='bbox 467 4095 510 4152; x_wconf 86' lang='lat' dir='ltr'>cd.</span> <span class='ocrx_word' id='word_1_249' title='bbox 528 4095 613 4152; x_wconf 85' lang='lat' dir='ltr'>Arist.</span> <span class='ocrx_word' id='word_1_250' title='bbox 631 4102 659 4150; x_wconf 87' lang='lat' dir='ltr'>et</span> <span class='ocrx_word' id='word_1_251' title='bbox 676 4095 736 4152; x_wconf 78' lang='lat' dir='ltr'>cat</span> <span class='ocrx_word' id='word_1_252' title='bbox 756 4101 821 4151; x_wconf 74' lang='lat'>1870</span> <span class='ocrx_word' id='word_1_253' title='bbox 839 4112 867 4166; x_wconf 88' lang='lat' dir='ltr'>p.</span> <span class='ocrx_word' id='word_1_254' title='bbox 885 4095 908 4151; x_wconf 95' lang='lat' dir='ltr'>I.</span> 
     </span>
     <span class='ocr_line' id='line_1_31' title="bbox 1120 4186 1132 4235; baseline 0 0"><span class='ocrx_word' id='word_1_255' title='bbox 1120 4186 1132 4235; x_wconf 89' lang='lat'>1</span> 
     </span>
    </p>
   </div>
   <div class='ocr_carea' id='block_1_4' title="bbox 0 0 1602 4758">
    <p class='ocr_par' dir='ltr' id='par_1_9' title="bbox 0 0 1602 4758">
     <span class='ocr_line' id='line_1_32' title="bbox 0 0 1602 4758; baseline 0 0"><span class='ocrx_word' id='word_1_256' title='bbox 0 0 1602 4758; x_wconf 95' lang='lat' dir='ltr'> </span> 
     </span>
    </p>
   </div>
  </div>
 </body>
</html>
