3188 4758
753 262 965 325 -18-

288 424 432 513 Φιλίδης
459 425 580 494 maiore
607 426 834 511 probabilitate
855 428 937 496 illud
965 428 1129 514 eligimus,
1163 427 1250 512 quod
1286 426 1438 495 videlicet

285 529 529 614 patronymicon
549 549 580 596 n.
595 529 745 615 Δίφιλος
767 535 831 612 εει,
853 531 947 599 etita
969 551 1115 599 caremus
1129 529 1294 599 Benseleri
1316 530 1436 598 conicu-

284 638 357 698 tura
380 628 555 717 Φιλοῒόης.

372 735 500 816 224,10
523 736 635 797 Κεῖον.

372 837 502 917 225,12
522 830 671 899 ἔπειθεν.

373 940 446 1020 230,
461 939 480 998 2
504 932 658 1002 ἐκπεσεῖν
680 932 786 1002 scil.²
771 959 806 1000 εκ
813 937 886 1053 τῆς
906 935 1090 1024 θαλάττης.

373 1041 446 1122 233,
462 1041 502 1103 20
516 1022 1055 1126 xtlcugpbuvpuiuipyerrirjbogs
1046 1061 1080 1106 ιιι
1094 1039 1209 1107 Aesoh.
1224 1040 1314 1108 Pers.
1329 1059 1441 1108 versus

287 1140 334 1209 sio
355 1141 472 1224 legitur
494 1134 611 1224 (339)‘
613 1137 790 1226 Ξέρξῃὸὲ,
812 1142 869 1206 καὶ
891 1139 954 1226 γὰρ
978 1137 1070 1221 οἶδα,
1097 1138 1209 1223 χιλιὰς
1236 1125 1346 1224 μὲν
1324 1167 1365 1228 ην
1393 1134 1441 1207 ὦν

287 1241 345 1328 ἦγε
372 1233 535 1330 πλῆθοςζ
567 1241 653 1325 quod
674 1243 761 1308 idem
782 1243 988 1310 Plutarchum
1011 1244 1178 1329 scripsisse
1199 1244 1355 1312 incertum
1377 1265 1442 1312 non

287 1348 352 1414 iam
369 1351 426 1413 est.
470 1343 567 1412 Sed
557 1365 591 1410 ιιι
606 1345 781 1430 archetypo
798 1367 838 1412 ex
856 1343 1003 1406 ΝΗΝΩΝ
1018 1367 1104 1429 casu,
1126 1352 1162 1413 ut
1177 1347 1297 1432 opinor,
1322 1344 1440 1408 ΝΗΩΝ

288 1450 408 1516 iactum
430 1450 525 1531 est¹);
546 1466 621 1512 narn
645 1446 673 1512 si
694 1448 839 1514 consulto
860 1447 1008 1514 librarius
1031 1454 1203 1532 mutasset,
1232 1446 1314 1514 νεῶν
1335 1448 1442 1534 potius

289 1549 479 1635 scripsisset.
523 1548 626 1627 Quam
653 1551 866 1634 corruptelam
887 1551 918 1615 X
942 1556 974 1616 et
998 1551 1035 1617 St
1056 1551 1301 1632 diligentissime
1323 1551 1441 1618 retinu-

289 1657 390 1734 erunt,
405 1651 533 1718 cumF⁸
546 1671 605 1736 pro
621 1649 759 1717 barbara
773 1653 875 1718 forma
890 1654 993 1739 νηῶν,
1014 1654 1096 1717 νειῦν
1110 1652 1300 1720 restitueret.
1324 1653 1443 1720 Verum
1511 1705 1515 1714 .

289 1755 329 1839 Y,
350 1758 521 1838 postquam
543 1755 626 1819 νεῶν
648 1753 799 1839 scriptum
822 1755 1194 1838 est,sententiam1am
1221 1755 1442 1838 perturbatum

289 1857 391 1924 libero
406 1854 539 1922 arbitrio
554 1856 707 1922 resarcire
729 1861 863 1922 conatus
886 1862 943 1939 est,
965 1862 1087 1924 remoto
1109 1877 1140 1973 ι.
1163 1841 1230 1942 ἧ,γε
1254 1857 1339 1940 quod
1360 1857 1440 1925 into-

289 1959 425 2027 lerabile
446 1955 624 2025 videbatur.

377 2063 449 2142 233,
458 2063 495 2124 31
514 2051 695 2143 ἂιιγινεῑς
685 2078 719 2124 m
730 2079 840 2143 marg,
857 2057 943 2142 qnod
954 2059 1074 2142 Bryani
1090 2055 1253 2148 ἁλιτενεῖς
1267 2059 1435 2128 confirmat.

376 2164 449 2246 238,
465 2165 504 2226 27
528 2165 638 2226 πυκνί.

377 2269 491 2346 240,7
522 2261 604 2347 coya
626 2261 856 2344 Λευτυχίδαν,
886 2262 999 2331 eadem
1027 2265 1130 2331 forma
1159 2285 1231 2331 oum
1253 2261 1368 2330 Fuhrio
1389 2282 1438 2330 re·

292 2365 443 2453 ponenda
465 2366 498 2431 in
520 2386 551 2430 v.
568 2369 587 2428 6
604 2369 635 2430 et
650 2367 680 2446 7,
703 2365 789 2448 quod
811 2365 887 2432 olim
910 2366 1089 2449 suspicatus
1112 2372 1160 2433 est
1182 2367 1346 2444 Ahrens.²)

377 2473 450 2549 241,
467 2471 485 2530 5
506 2463 729 2552 μνημονεύων.

378 2574 451 2653 244,
466 2572 507 2632 25
531 2565 565 2633 ἐν
587 2570 707 2652 μέτρῳ.
748 2570 787 2632 28
810 2569 1081 2655 κατακοιμηθεὶς.

378 2676 451 2754 247,
470 2675 508 2735 12
526 2662 758 2755 Ἀρειμάνιον,
779 2689 838 2754 per
860 2669 1093 2756 diphthongum
1116 2695 1146 2737 ει
1167 2671 1306 2738 numinis
1327 2692 1444 2738 nomen

294 2774 440 2842 scribitur
466 2773 499 2838 in
527 2772 611 2838 Plut.
634 2772 675 2837 ls.
699 2779 732 2839 et
752 2770 807 2838 Os.
829 2776 889 2856 46,
918 2773 1006 2857 apud
1030 2774 1161 2842 Aristot.
1184 2773 1324 2858 Hesyeh.
1347 2773 1443 2857 Diog.

293 2879 416 2960 Labrt.;
439 2873 527 2961 apud
540 2894 638 2941 unum
654 2872 786 2941 Suidem
802 2875 905 2940 forma
914 2868 1113 2960 Ἀριμάνιος
1127 2883 1242 2959 exstat,
1260 2876 1318 2943 sed
1334 2875 1445 2958 quanti

294 2978 415 3046 Suidae
436 2976 609 3045 auctoritas
630 2977 693 3042 hac
713 2975 747 3044 in
768 2999 803 3044 re
825 2977 1027 3045 aestimanda
1049 2979 1100 3062 sit,
1121 2978 1198 3045 inde
1213 2979 1445 3062 cognoscimus,

294 3080 380 3167 quod
396 3079 514 3146 Suidas
529 3079 758 3164 Aegyptium
774 3079 870 3146 deum
885 3081 963 3147 dicit
973 3081 1181 3149 Arimanium.
1222 3086 1260 3145 15
1277 3078 1445 3169 ἐκβοῆσαι.

380 3182 480 3250 (iam.
504 3185 577 3264 253,
593 3183 634 3246 29
658 3178 776 3246 αἴτιαι.

380 3289 453 3368 256,
468 3287 510 3348 29
533 3275 677 3366 ευιιχις,
700 3283 879 3402 arrogantis
895 3291 952 3367 est,
975 3284 1121 3369 deos,t
1086 3293 1121 3351 ut
1139 3278 1341 3369 ‘gloriosum'
1367 3241 1445 3353 belli

297 3389 417 3457 exitum
431 3387 625 3472 impertiant,
645 3385 784 3470 precari,
808 3386 887 3453 satis
902 3391 971 3452 erat
982 3379 1137 3454 ‘felicem'
1156 3393 1306 3454 eventum
1321 3407 1444 3473 rogare.
1511 3429 1514 3437 ·

382 3492 454 3571 258,
471 3493 490 3552 2
513 3479 668 3572 ἀνάγκας,
692 3505 789 3568 quam
803 3488 939 3554 formam
960 3508 999 3555 ea
1015 3488 1056 3556 dc
1071 3508 1168 3556 causa
1182 3491 1338 3575 praefero,
1360 3489 1446 3572 quod

297 3591 423 3658 facilius
444 3591 478 3656 in
501 3580 644 3674 ἀνάγκην
666 3589 755 3655 abire
776 3589 880 3672 potuit
902 3587 1167 3678 (colludium),
1191 3609 1287 3672 quam
1310 3592 1392 3658 haec
1413 3591 1447 3658 in

297 3694 398 3760 illam.
444 3695 480 3755 17
505 3694 663 3776 γίνεσθαι
706 3693 744 3758 oi.
768 3689 938 3772 δέχεσθαι.
1035 3692 1036 3696 ’

383 3797 490 3877 260,5
514 3786 560 3868 ὥς
581 3789 667 3858 ἔοικε
685 3789 742 3857 ἐπὶ
765 3789 843 3869 τοὺς
863 3793 1005 3880 Ονηΐους
1025 3791 1187 3878 βαδίζων,
1209 3814 1383 3880 praepono,
1405 3814 1448 3861 ne

298 3896 498 3966 enuntiatum
520 3893 694 3978 diripiatur.

386 4035 411 4096 1)
429 4030 652 4084 commutaturum
669 4028 820 4084 litterarum
840 4034 858 4083 Η
878 4032 905 4084 ct
925 4035 944 4082 Ν
965 4030 1114 4100 compluria
1132 4031 1281 4100 suppetunt
1298 4030 1432 4099 exempla.

384 4121 409 4182 2)
428 4113 497 4170 Nor.
515 4112 587 4169 Mus.
605 4113 692 4170 Rhen.
710 4114 746 4179 ll,
763 4117 822 4168 459.
