<?xml version="1.0" encoding="UTF-8"?>
<!DOCTYPE html PUBLIC "-//W3C//DTD XHTML 1.0 Transitional//EN"
    "http://www.w3.org/TR/xhtml1/DTD/xhtml1-transitional.dtd">
<html xmlns="http://www.w3.org/1999/xhtml" xml:lang="en" lang="en">
 <head>
  <title>
</title>
<meta http-equiv="Content-Type" content="text/html;charset=utf-8" />
  <meta name='ocr-system' content='tesseract 3.04.00' />
  <meta name='ocr-capabilities' content='ocr_page ocr_carea ocr_par ocr_line ocrx_word'/>
</head>
<body>
  <div class='ocr_page' id='page_1' title='image "./decodiceplutarc00meyegoog_0018.png"; bbox 0 0 3188 4758; ppageno 0'>
   <div class='ocr_carea' id='block_1_1' title="bbox 679 245 871 304">
    <p class='ocr_par' dir='ltr' id='par_1_1' title="bbox 679 245 871 304">
     <span class='ocr_line' id='line_1_1' title="bbox 679 245 871 304; baseline 0.01 -16"><span class='ocrx_word' id='word_1_1' title='bbox 679 245 871 304; x_wconf 75' lang='lat'>-7-</span> 
     </span>
    </p>
   </div>
   <div class='ocr_carea' id='block_1_2' title="bbox 193 405 1345 499">
    <p class='ocr_par' dir='ltr' id='par_1_2' title="bbox 193 405 1345 499">
     <span class='ocr_line' id='line_1_2' title="bbox 193 405 1345 499; baseline -0.001 -20"><span class='ocrx_word' id='word_1_2' title='bbox 193 433 266 480; x_wconf 90' lang='lat' dir='ltr'>cum</span> <span class='ocrx_word' id='word_1_3' title='bbox 288 411 479 494; x_wconf 77' lang='lat' dir='ltr'>consenties,</span> <span class='ocrx_word' id='word_1_4' title='bbox 502 410 690 496; x_wconf 89' lang='lat' dir='ltr'>praesertim</span> <span class='ocrx_word' id='word_1_5' title='bbox 713 427 784 478; x_wconf 91' lang='lat' dir='ltr'>cum</span> <span class='ocrx_word' id='word_1_6' title='bbox 798 412 930 478; x_wconf 90' lang='lat' dir='ltr'>intueris</span> <span class='ocrx_word' id='word_1_7' title='bbox 951 414 977 496; x_wconf 92' lang='lat' dir='ltr'>I,</span> <span class='ocrx_word' id='word_1_8' title='bbox 996 414 1065 495; x_wconf 87' lang='lat'>138,</span> <span class='ocrx_word' id='word_1_9' title='bbox 1081 416 1116 496; x_wconf 77' lang='lat'>63</span> <span class='ocrx_word' id='word_1_10' title='bbox 1134 405 1204 498; x_wconf 90' lang='grc'><strong>164,</strong></span> <span class='ocrx_word' id='word_1_11' title='bbox 1222 419 1257 498; x_wconf 86' lang='grc'>7;</span> <span class='ocrx_word' id='word_1_12' title='bbox 1275 418 1345 499; x_wconf 78' lang='grc'><strong>112,</strong></span> 
     </span>
    </p>
   </div>
   <div class='ocr_carea' id='block_1_3' title="bbox 189 511 1347 4166">
    <p class='ocr_par' dir='ltr' id='par_1_3' title="bbox 193 511 1345 701">
     <span class='ocr_line' id='line_1_3' title="bbox 197 511 1345 599; baseline 0.002 -19"><span class='ocrx_word' id='word_1_13' title='bbox 197 518 235 580; x_wconf 83' lang='grc'>19</span> <span class='ocrx_word' id='word_1_14' title='bbox 258 513 339 599; x_wconf 88' lang='lat' dir='ltr'>sim,</span> <span class='ocrx_word' id='word_1_15' title='bbox 363 520 395 580; x_wconf 91' lang='lat' dir='ltr'>et</span> <span class='ocrx_word' id='word_1_16' title='bbox 416 513 458 579; x_wconf 96' lang='lat' dir='ltr'>ob</span> <span class='ocrx_word' id='word_1_17' title='bbox 481 511 514 578; x_wconf 93' lang='lat' dir='ltr'>id</span> <span class='ocrx_word' id='word_1_18' title='bbox 537 513 642 598; x_wconf 91' lang='lat' dir='ltr'>ipsum</span> <span class='ocrx_word' id='word_1_19' title='bbox 665 513 743 579; x_wconf 86' lang='lat' dir='ltr'>satis</span> <span class='ocrx_word' id='word_1_20' title='bbox 765 513 897 581; x_wconf 89' lang='lat' dir='ltr'>difficile</span> <span class='ocrx_word' id='word_1_21' title='bbox 924 513 1018 581; x_wconf 94' lang='lat' dir='ltr'>nobis</span> <span class='ocrx_word' id='word_1_22' title='bbox 1039 520 1185 598; x_wconf 88' lang='lat' dir='ltr'>paratum</span> <span class='ocrx_word' id='word_1_23' title='bbox 1208 515 1345 582; x_wconf 83' lang='grc'><strong>6616111-</strong></span> 
     </span>
     <span class='ocr_line' id='line_1_4' title="bbox 193 613 1154 701; baseline -0.001 -18"><span class='ocrx_word' id='word_1_24' title='bbox 193 616 278 684; x_wconf 92' lang='lat' dir='ltr'>cium</span> <span class='ocrx_word' id='word_1_25' title='bbox 301 615 441 700; x_wconf 84' lang='lat' dir='ltr'>eligendi</span> <span class='ocrx_word' id='word_1_26' title='bbox 463 616 634 696; x_wconf 80' lang='lat' dir='ltr'><strong>genuinam</strong></span> <span class='ocrx_word' id='word_1_27' title='bbox 657 636 698 682; x_wconf 87' lang='lat' dir='ltr'>ex</span> <span class='ocrx_word' id='word_1_28' title='bbox 721 613 959 701; x_wconf 82' lang='lat' dir='ltr'>divergentibus</span> <span class='ocrx_word' id='word_1_29' title='bbox 981 615 1154 700; x_wconf 88' lang='lat' dir='ltr'>scripturis.</span> 
     </span>
    </p>

    <p class='ocr_par' dir='ltr' id='par_1_4' title="bbox 190 717 1347 1921">
     <span class='ocr_line' id='line_1_5' title="bbox 278 717 1345 802; baseline 0.002 -18"><span class='ocrx_word' id='word_1_30' title='bbox 278 717 358 784; x_wconf 82' lang='lat' dir='ltr'>(lum</span> <span class='ocrx_word' id='word_1_31' title='bbox 390 723 497 784; x_wconf 89' lang='lat' dir='ltr'>antem</span> <span class='ocrx_word' id='word_1_32' title='bbox 526 717 769 801; x_wconf 74' lang='lat' dir='ltr'>cognoverimus</span> <span class='ocrx_word' id='word_1_33' title='bbox 798 718 958 802; x_wconf 76' lang='lat' dir='ltr'>duplicem</span> <span class='ocrx_word' id='word_1_34' title='bbox 987 717 1185 800; x_wconf 87' lang='lat' dir='ltr'>quarundam</span> <span class='ocrx_word' id='word_1_35' title='bbox 1206 718 1345 786; x_wconf 90' lang='lat' dir='ltr'>vitarum</span> 
     </span>
     <span class='ocr_line' id='line_1_6' title="bbox 193 817 1346 905; baseline 0.002 -21"><span class='ocrx_word' id='word_1_36' title='bbox 193 825 299 887; x_wconf 84' lang='lat' dir='ltr'>textus</span> <span class='ocrx_word' id='word_1_37' title='bbox 321 819 539 886; x_wconf 81' lang='lat' dir='ltr'>recensionem</span> <span class='ocrx_word' id='word_1_38' title='bbox 567 817 610 883; x_wconf 90' lang='lat' dir='ltr'>ad</span> <span class='ocrx_word' id='word_1_39' title='bbox 632 825 740 885; x_wconf 87' lang='lat' dir='ltr'>nostra</span> <span class='ocrx_word' id='word_1_40' title='bbox 762 826 906 905; x_wconf 87' lang='lat' dir='ltr'>tempora</span> <span class='ocrx_word' id='word_1_41' title='bbox 930 820 1132 905; x_wconf 89' lang='lat' dir='ltr'>pervenisse,</span> <span class='ocrx_word' id='word_1_42' title='bbox 1159 821 1224 886; x_wconf 89' lang='lat' dir='ltr'>iam</span> <span class='ocrx_word' id='word_1_43' title='bbox 1247 839 1346 903; x_wconf 91' lang='lat' dir='ltr'>quae·</span> 
     </span>
     <span class='ocr_line' id='line_1_7' title="bbox 192 920 1345 1007; baseline -0.001 -18"><span class='ocrx_word' id='word_1_44' title='bbox 192 922 271 989; x_wconf 89' lang='lat' dir='ltr'>ritur</span> <span class='ocrx_word' id='word_1_45' title='bbox 293 939 389 1004; x_wconf 91' lang='lat' dir='ltr'>quam</span> <span class='ocrx_word' id='word_1_46' title='bbox 404 922 470 986; x_wconf 87' lang='lat' dir='ltr'>late</span> <span class='ocrx_word' id='word_1_47' title='bbox 484 920 720 1006; x_wconf 80' lang='lat' dir='ltr'>interpolatoris</span> <span class='ocrx_word' id='word_1_48' title='bbox 740 941 838 1006; x_wconf 87' lang='lat' dir='ltr'>opera</span> <span class='ocrx_word' id='word_1_49' title='bbox 852 921 1068 1006; x_wconf 87' lang='lat' dir='ltr'>penetraverit</span> <span class='ocrx_word' id='word_1_50' title='bbox 1088 923 1122 989; x_wconf 93' lang='lat' dir='ltr'>in</span> <span class='ocrx_word' id='word_1_51' title='bbox 1137 941 1249 1007; x_wconf 88' lang='lat' dir='ltr'>eorpus</span> <span class='ocrx_word' id='word_1_52' title='bbox 1265 923 1345 988; x_wconf 86' lang='lat' dir='ltr'>vita·</span> 
     </span>
     <span class='ocr_line' id='line_1_8' title="bbox 191 1022 1344 1108; baseline -0.001 -18"><span class='ocrx_word' id='word_1_53' title='bbox 191 1044 261 1090; x_wconf 91' lang='lat' dir='ltr'>rum</span> <span class='ocrx_word' id='word_1_54' title='bbox 283 1022 457 1089; x_wconf 87' lang='lat' dir='ltr'>Plutarchi.</span> <span class='ocrx_word' id='word_1_55' title='bbox 500 1024 606 1107; x_wconf 89' lang='lat' dir='ltr'>Atque</span> <span class='ocrx_word' id='word_1_56' title='bbox 629 1042 737 1088; x_wconf 91' lang='lat' dir='ltr'>earum</span> <span class='ocrx_word' id='word_1_57' title='bbox 759 1022 889 1105; x_wconf 90' lang='lat' dir='ltr'>quidem</span> <span class='ocrx_word' id='word_1_58' title='bbox 910 1023 1064 1106; x_wconf 87' lang='lat' dir='ltr'>vitarum,</span> <span class='ocrx_word' id='word_1_59' title='bbox 1094 1043 1178 1108; x_wconf 85' lang='lat' dir='ltr'>quae</span> <span class='ocrx_word' id='word_1_60' title='bbox 1205 1043 1269 1090; x_wconf 93' lang='lat' dir='ltr'>non</span> <span class='ocrx_word' id='word_1_61' title='bbox 1291 1045 1344 1091; x_wconf 85' lang='lat' dir='ltr'>ex-</span> 
     </span>
     <span class='ocr_line' id='line_1_9' title="bbox 191 1124 1345 1211; baseline 0.002 -20"><span class='ocrx_word' id='word_1_62' title='bbox 191 1130 278 1191; x_wconf 91' lang='lat' dir='ltr'>stant</span> <span class='ocrx_word' id='word_1_63' title='bbox 305 1124 340 1190; x_wconf 93' lang='lat' dir='ltr'>in</span> <span class='ocrx_word' id='word_1_64' title='bbox 368 1124 626 1192; x_wconf 87' lang='lat' dir='ltr'>Seitenstettcnsi</span> <span class='ocrx_word' id='word_1_65' title='bbox 655 1132 711 1190; x_wconf 89' lang='lat' dir='ltr'>aut</span> <span class='ocrx_word' id='word_1_66' title='bbox 738 1125 884 1192; x_wconf 84' lang='lat' dir='ltr'>Parisino</span> <span class='ocrx_word' id='word_1_67' title='bbox 911 1128 1007 1207; x_wconf 81' lang='grc'><strong>1676,</strong></span> <span class='ocrx_word' id='word_1_68' title='bbox 1037 1125 1255 1193; x_wconf 90' lang='lat' dir='ltr'>condicionem</span> <span class='ocrx_word' id='word_1_69' title='bbox 1285 1145 1345 1211; x_wconf 86' lang='lat' dir='ltr'>ego</span> 
     </span>
     <span class='ocr_line' id='line_1_10' title="bbox 191 1225 1346 1312; baseline 0.003 -22"><span class='ocrx_word' id='word_1_70' title='bbox 191 1246 255 1292; x_wconf 95' lang='lat' dir='ltr'>non</span> <span class='ocrx_word' id='word_1_71' title='bbox 284 1226 465 1310; x_wconf 81' lang='lat' dir='ltr'>exploravi,</span> <span class='ocrx_word' id='word_1_72' title='bbox 499 1225 557 1292; x_wconf 90' lang='lat' dir='ltr'>sed</span> <span class='ocrx_word' id='word_1_73' title='bbox 586 1231 776 1311; x_wconf 87' lang='lat' dir='ltr'>apparatum</span> <span class='ocrx_word' id='word_1_74' title='bbox 806 1227 922 1311; x_wconf 89' lang='lat' dir='ltr'>raptim</span> <span class='ocrx_word' id='word_1_75' title='bbox 951 1227 1133 1312; x_wconf 79' lang='lat' dir='ltr'>inspicienti</span> <span class='ocrx_word' id='word_1_76' title='bbox 1160 1227 1250 1294; x_wconf 89' lang='lat' dir='ltr'>nulla</span> <span class='ocrx_word' id='word_1_77' title='bbox 1278 1234 1346 1294; x_wconf 88' lang='lat' dir='ltr'>tam</span> 
     </span>
     <span class='ocr_line' id='line_1_11' title="bbox 191 1326 1347 1414; baseline 0.002 -20"><span class='ocrx_word' id='word_1_78' title='bbox 191 1328 327 1413; x_wconf 87' lang='lat' dir='ltr'>insignis</span> <span class='ocrx_word' id='word_1_79' title='bbox 362 1333 394 1394; x_wconf 92' lang='lat' dir='ltr'>et</span> <span class='ocrx_word' id='word_1_80' title='bbox 420 1329 596 1410; x_wconf 80' lang='lat' dir='ltr'>frequentis</span> <span class='ocrx_word' id='word_1_81' title='bbox 625 1328 771 1395; x_wconf 90' lang='lat' dir='ltr'>codicum</span> <span class='ocrx_word' id='word_1_82' title='bbox 797 1326 1032 1414; x_wconf 88' lang='lat' dir='ltr'>discrepantiae</span> <span class='ocrx_word' id='word_1_83' title='bbox 1062 1349 1134 1398; x_wconf 87' lang='lat' dir='ltr'>sese</span> <span class='ocrx_word' id='word_1_84' title='bbox 1162 1330 1347 1396; x_wconf 91' lang='lat' dir='ltr'>obtulerunt</span> 
     </span>
     <span class='ocr_line' id='line_1_12' title="bbox 190 1429 1346 1515; baseline 0.001 -19"><span class='ocrx_word' id='word_1_85' title='bbox 190 1429 318 1496; x_wconf 89' lang='lat' dir='ltr'>indicia.</span> <span class='ocrx_word' id='word_1_86' title='bbox 362 1429 414 1495; x_wconf 89' lang='lat' dir='ltr'>Ne</span> <span class='ocrx_word' id='word_1_87' title='bbox 441 1449 500 1496; x_wconf 89' lang='lat' dir='ltr'>eae</span> <span class='ocrx_word' id='word_1_88' title='bbox 530 1429 660 1511; x_wconf 88' lang='lat' dir='ltr'>quidem</span> <span class='ocrx_word' id='word_1_89' title='bbox 688 1431 882 1515; x_wconf 83' lang='lat' dir='ltr'>parallelae,</span> <span class='ocrx_word' id='word_1_90' title='bbox 915 1451 995 1514; x_wconf 79' lang='lat' dir='ltr'>quas</span> <span class='ocrx_word' id='word_1_91' title='bbox 1025 1432 1063 1499; x_wconf 91' lang='lat' dir='ltr'>St</span> <span class='ocrx_word' id='word_1_92' title='bbox 1092 1433 1186 1498; x_wconf 62' lang='grc' dir='ltr'>6111ΙΙ</span> <span class='ocrx_word' id='word_1_93' title='bbox 1208 1431 1346 1514; x_wconf 90' lang='lat' dir='ltr'>tradunt,</span> 
     </span>
     <span class='ocr_line' id='line_1_13' title="bbox 191 1532 1346 1617; baseline 0 -19"><span class='ocrx_word' id='word_1_94' title='bbox 191 1551 301 1598; x_wconf 93' lang='lat' dir='ltr'>omnes</span> <span class='ocrx_word' id='word_1_95' title='bbox 329 1532 558 1598; x_wconf 85' lang='lat' dir='ltr'>acorrectoris</span> <span class='ocrx_word' id='word_1_96' title='bbox 580 1551 676 1597; x_wconf 89' lang='lat' dir='ltr'>manu</span> <span class='ocrx_word' id='word_1_97' title='bbox 704 1538 810 1598; x_wconf 88' lang='lat' dir='ltr'>tactae</span> <span class='ocrx_word' id='word_1_98' title='bbox 831 1537 918 1599; x_wconf 90' lang='lat' dir='ltr'>sunt:</span> <span class='ocrx_word' id='word_1_99' title='bbox 948 1553 1022 1599; x_wconf 89' lang='lat' dir='ltr'>nam</span> <span class='ocrx_word' id='word_1_100' title='bbox 1051 1554 1107 1617; x_wconf 89' lang='lat' dir='ltr'>ea,</span> <span class='ocrx_word' id='word_1_101' title='bbox 1137 1552 1220 1615; x_wconf 89' lang='lat' dir='ltr'>quae</span> <span class='ocrx_word' id='word_1_102' title='bbox 1249 1553 1346 1617; x_wconf 88' lang='lat' dir='ltr'>supra</span> 
     </span>
     <span class='ocr_line' id='line_1_14' title="bbox 191 1632 1345 1721; baseline 0.003 -21"><span class='ocrx_word' id='word_1_103' title='bbox 191 1633 348 1716; x_wconf 85' lang='lat' dir='ltr'>congessi,</span> <span class='ocrx_word' id='word_1_104' title='bbox 371 1634 520 1718; x_wconf 87' lang='lat' dir='ltr'>exempla</span> <span class='ocrx_word' id='word_1_105' title='bbox 543 1632 712 1718; x_wconf 89' lang='lat' dir='ltr'>desumpta</span> <span class='ocrx_word' id='word_1_106' title='bbox 726 1640 800 1700; x_wconf 92' lang='lat' dir='ltr'>sunt</span> <span class='ocrx_word' id='word_1_107' title='bbox 822 1633 930 1700; x_wconf 89' lang='lat' dir='ltr'>omnia</span> <span class='ocrx_word' id='word_1_108' title='bbox 952 1655 993 1702; x_wconf 87' lang='lat' dir='ltr'>ex</span> <span class='ocrx_word' id='word_1_109' title='bbox 1008 1636 1086 1721; x_wconf 88' lang='lat' dir='ltr'>Lyc.</span> <span class='ocrx_word' id='word_1_110' title='bbox 1102 1671 1143 1680; x_wconf 90' lang='lat'>-</span> <span class='ocrx_word' id='word_1_111' title='bbox 1159 1635 1254 1702; x_wconf 90' lang='lat' dir='ltr'>Num.</span> <span class='ocrx_word' id='word_1_112' title='bbox 1278 1635 1345 1703; x_wconf 91' lang='lat' dir='ltr'>Sol.</span> 
     </span>
     <span class='ocr_line' id='line_1_15' title="bbox 191 1733 1346 1824; baseline 0.003 -22"><span class='ocrx_word' id='word_1_113' title='bbox 191 1772 233 1782; x_wconf 98' lang='lat'>-</span> <span class='ocrx_word' id='word_1_114' title='bbox 248 1735 340 1802; x_wconf 89' lang='lat' dir='ltr'>Publ.</span> <span class='ocrx_word' id='word_1_115' title='bbox 362 1735 476 1802; x_wconf 81' lang='lat' dir='ltr'>Them.</span> <span class='ocrx_word' id='word_1_116' title='bbox 491 1772 534 1782; x_wconf 91' lang='lat'>-</span> <span class='ocrx_word' id='word_1_117' title='bbox 549 1736 637 1802; x_wconf 80' lang='lat' dir='ltr'>Cam.</span> <span class='ocrx_word' id='word_1_118' title='bbox 660 1734 755 1802; x_wconf 88' lang='lat' dir='ltr'>Arist.</span> <span class='ocrx_word' id='word_1_119' title='bbox 771 1771 812 1780; x_wconf 95' lang='lat'>—</span> <span class='ocrx_word' id='word_1_120' title='bbox 828 1733 896 1800; x_wconf 82' lang='lat' dir='ltr'>(lat.</span> <span class='ocrx_word' id='word_1_121' title='bbox 919 1736 1015 1818; x_wconf 75' lang='lat' dir='ltr'>Ages.</span> <span class='ocrx_word' id='word_1_122' title='bbox 1031 1767 1073 1784; x_wconf 80' lang='lat'>-—</span> <span class='ocrx_word' id='word_1_123' title='bbox 1087 1738 1199 1824; x_wconf 90' lang='lat' dir='ltr'>Pomp.</span> <span class='ocrx_word' id='word_1_124' title='bbox 1236 1739 1273 1805; x_wconf 92' lang='lat' dir='ltr'>ln</span> <span class='ocrx_word' id='word_1_125' title='bbox 1296 1739 1346 1806; x_wconf 92' lang='lat' dir='ltr'>his</span> 
     </span>
     <span class='ocr_line' id='line_1_16' title="bbox 193 1836 1181 1921; baseline 0.003 -18"><span class='ocrx_word' id='word_1_126' title='bbox 193 1837 305 1903; x_wconf 88' lang='lat' dir='ltr'>decem</span> <span class='ocrx_word' id='word_1_127' title='bbox 327 1837 401 1902; x_wconf 86' lang='lat' dir='ltr'>vitis</span> <span class='ocrx_word' id='word_1_128' title='bbox 424 1837 563 1904; x_wconf 89' lang='lat' dir='ltr'>maxime</span> <span class='ocrx_word' id='word_1_129' title='bbox 585 1837 647 1904; x_wconf 91' lang='lat' dir='ltr'>sibi</span> <span class='ocrx_word' id='word_1_130' title='bbox 668 1836 801 1903; x_wconf 89' lang='lat' dir='ltr'>indulsit</span> <span class='ocrx_word' id='word_1_131' title='bbox 822 1837 944 1904; x_wconf 87' lang='lat' dir='ltr'>librarii</span> <span class='ocrx_word' id='word_1_132' title='bbox 967 1839 1181 1921; x_wconf 82' lang='lat' dir='ltr'>neglegentia.</span> 
     </span>
    </p>

    <p class='ocr_par' dir='ltr' id='par_1_5' title="bbox 189 1937 1346 3554">
     <span class='ocr_line' id='line_1_17' title="bbox 277 1937 1345 2026; baseline 0.005 -23"><span class='ocrx_word' id='word_1_133' title='bbox 277 1939 304 2003; x_wconf 82' lang='grc' dir='ltr'>Ε</span> <span class='ocrx_word' id='word_1_134' title='bbox 326 1937 457 2020; x_wconf 89' lang='lat' dir='ltr'>reliquis</span> <span class='ocrx_word' id='word_1_135' title='bbox 479 1939 569 2018; x_wconf 89' lang='grc'><strong>11116,</strong></span> <span class='ocrx_word' id='word_1_136' title='bbox 599 1958 678 2021; x_wconf 88' lang='lat' dir='ltr'>quas</span> <span class='ocrx_word' id='word_1_137' title='bbox 700 1946 916 2024; x_wconf 90' lang='lat' dir='ltr'>perscrutatus</span> <span class='ocrx_word' id='word_1_138' title='bbox 938 1960 1025 2024; x_wconf 94' lang='lat' dir='ltr'>sum,</span> <span class='ocrx_word' id='word_1_139' title='bbox 1047 1941 1185 2024; x_wconf 85' lang='lat' dir='ltr'>vestigia</span> <span class='ocrx_word' id='word_1_140' title='bbox 1206 1941 1345 2026; x_wconf 89' lang='lat' dir='ltr'>interpo-</span> 
     </span>
     <span class='ocr_line' id='line_1_18' title="bbox 192 2040 1344 2126; baseline 0.003 -19"><span class='ocrx_word' id='word_1_141' title='bbox 192 2041 320 2108; x_wconf 90' lang='lat' dir='ltr'>lationis</span> <span class='ocrx_word' id='word_1_142' title='bbox 350 2041 453 2106; x_wconf 89' lang='lat' dir='ltr'>solum</span> <span class='ocrx_word' id='word_1_143' title='bbox 481 2040 514 2105; x_wconf 92' lang='lat' dir='ltr'>in</span> <span class='ocrx_word' id='word_1_144' title='bbox 536 2040 661 2107; x_wconf 88' lang='lat' dir='ltr'>Pericle</span> <span class='ocrx_word' id='word_1_145' title='bbox 683 2047 715 2106; x_wconf 91' lang='grc'>61</span> <span class='ocrx_word' id='word_1_146' title='bbox 736 2040 840 2108; x_wconf 86' lang='lat' dir='ltr'>Fabio</span> <span class='ocrx_word' id='word_1_147' title='bbox 868 2041 1083 2126; x_wconf 87' lang='lat' dir='ltr'>deprehendi,</span> <span class='ocrx_word' id='word_1_148' title='bbox 1113 2063 1216 2126; x_wconf 87' lang='lat' dir='ltr'>eaque</span> <span class='ocrx_word' id='word_1_149' title='bbox 1245 2043 1344 2110; x_wconf 93' lang='lat' dir='ltr'>multo</span> 
     </span>
     <span class='ocr_line' id='line_1_19' title="bbox 191 2142 1345 2230; baseline 0.002 -20"><span class='ocrx_word' id='word_1_150' title='bbox 191 2144 313 2210; x_wconf 85' lang='lat' dir='ltr'>rariora</span> <span class='ocrx_word' id='word_1_151' title='bbox 327 2163 367 2208; x_wconf 93' lang='lat' dir='ltr'>ac</span> <span class='ocrx_word' id='word_1_152' title='bbox 385 2142 533 2226; x_wconf 88' lang='lat' dir='ltr'>parciora</span> <span class='ocrx_word' id='word_1_153' title='bbox 555 2150 651 2226; x_wconf 88' lang='lat' dir='ltr'>atque</span> <span class='ocrx_word' id='word_1_154' title='bbox 666 2142 699 2208; x_wconf 94' lang='lat' dir='ltr'>in</span> <span class='ocrx_word' id='word_1_155' title='bbox 713 2143 787 2209; x_wconf 92' lang='lat' dir='ltr'>illis.</span> <span class='ocrx_word' id='word_1_156' title='bbox 831 2144 959 2210; x_wconf 84' lang='lat' dir='ltr'>Etenim</span> <span class='ocrx_word' id='word_1_157' title='bbox 981 2151 1111 2230; x_wconf 87' lang='lat' dir='ltr'>propter</span> <span class='ocrx_word' id='word_1_158' title='bbox 1132 2163 1345 2230; x_wconf 84' lang='lat' dir='ltr'>synonymum</span> 
     </span>
     <span class='ocr_line' id='line_1_20' title="bbox 190 2243 1345 2331; baseline 0 -19"><span class='ocrx_word' id='word_1_159' title='bbox 190 2266 247 2331; x_wconf 92' lang='lat' dir='ltr'>pro</span> <span class='ocrx_word' id='word_1_160' title='bbox 273 2243 412 2327; x_wconf 83' lang='lat' dir='ltr'>genuino</span> <span class='ocrx_word' id='word_1_161' title='bbox 440 2244 598 2311; x_wconf 84' lang='lat' dir='ltr'>vocabulo</span> <span class='ocrx_word' id='word_1_162' title='bbox 628 2245 768 2328; x_wconf 93' lang='lat' dir='ltr'>positum</span> <span class='ocrx_word' id='word_1_163' title='bbox 797 2253 946 2329; x_wconf 86' lang='lat' dir='ltr'>quattuor</span> <span class='ocrx_word' id='word_1_164' title='bbox 974 2247 1345 2314; x_wconf 73' lang='grc' dir='ltr'><strong>16111111Ρ6116116ι1661</strong></span> 
     </span>
     <span class='ocr_line' id='line_1_21' title="bbox 190 2345 1345 2436; baseline 0 -21"><span class='ocrx_word' id='word_1_165' title='bbox 190 2345 331 2433; x_wconf 87' lang='lat' dir='ltr'>suspecti</span> <span class='ocrx_word' id='word_1_166' title='bbox 345 2351 433 2412; x_wconf 90' lang='lat' dir='ltr'>sunt:</span> <span class='ocrx_word' id='word_1_167' title='bbox 457 2349 529 2429; x_wconf 88' lang='grc'><strong>303,</strong></span> <span class='ocrx_word' id='word_1_168' title='bbox 553 2350 589 2411; x_wconf 87' lang='lat'>18</span> <span class='ocrx_word' id='word_1_169' title='bbox 606 2350 788 2432; x_wconf 72' lang='grc' dir='ltr'><strong><em>συνηθείας</em></strong></span> <span class='ocrx_word' id='word_1_170' title='bbox 804 2384 845 2393; x_wconf 92' lang='lat'><em>-</em></span> <span class='ocrx_word' id='word_1_171' title='bbox 861 2352 1059 2432; x_wconf 80' lang='grc' dir='ltr'><em>σονουοίας;</em></span> <span class='ocrx_word' id='word_1_172' title='bbox 1081 2353 1152 2431; x_wconf 87' lang='grc'><strong>333,</strong></span> <span class='ocrx_word' id='word_1_173' title='bbox 1169 2352 1188 2413; x_wconf 87' lang='grc'>9</span> <span class='ocrx_word' id='word_1_174' title='bbox 1213 2347 1345 2436; x_wconf 80' lang='grc' dir='ltr'><em>ἱστόρη-</em></span> 
     </span>
     <span class='ocr_line' id='line_1_22' title="bbox 190 2446 1346 2539; baseline 0.002 -24"><span class='ocrx_word' id='word_1_175' title='bbox 190 2474 244 2515; x_wconf 85' lang='grc' dir='ltr'>κεν</span> <span class='ocrx_word' id='word_1_176' title='bbox 259 2484 302 2495; x_wconf 93' lang='grc'><strong>-</strong></span> <span class='ocrx_word' id='word_1_177' title='bbox 317 2446 463 2535; x_wconf 60' lang='lat' dir='ltr'>cippum</span> <span class='ocrx_word' id='word_1_178' title='bbox 485 2451 557 2531; x_wconf 81' lang='lat'>340,</span> <span class='ocrx_word' id='word_1_179' title='bbox 574 2453 592 2512; x_wconf 89' lang='grc'>5</span> <span class='ocrx_word' id='word_1_180' title='bbox 608 2446 802 2532; x_wconf 73' lang='grc' dir='ltr'><em>μυθεύμασι</em></span> <span class='ocrx_word' id='word_1_181' title='bbox 817 2486 859 2496; x_wconf 95' lang='grc'><strong>-</strong></span> <span class='ocrx_word' id='word_1_182' title='bbox 875 2448 1062 2538; x_wconf 70' lang='grc' dir='ltr'><em>ποιήμασις</em></span> <span class='ocrx_word' id='word_1_183' title='bbox 1078 2455 1115 2514; x_wconf 82' lang='lat'>21</span> <span class='ocrx_word' id='word_1_184' title='bbox 1135 2451 1291 2539; x_wconf 78' lang='grc' dir='ltr'><em>λεγομένη</em></span> <span class='ocrx_word' id='word_1_185' title='bbox 1304 2487 1346 2500; x_wconf 91' lang='lat'><em>-</em></span> 
     </span>
     <span class='ocr_line' id='line_1_23' title="bbox 190 2549 1344 2638; baseline 0.002 -20"><span class='ocrx_word' id='word_1_186' title='bbox 190 2554 347 2637; x_wconf 81' lang='grc' dir='ltr'><em>γενομένη</em></span> <span class='ocrx_word' id='word_1_187' title='bbox 372 2549 444 2632; x_wconf 86' lang='lat' dir='ltr'>(sed</span> <span class='ocrx_word' id='word_1_188' title='bbox 466 2551 505 2616; x_wconf 88' lang='lat' dir='ltr'>cf.</span> <span class='ocrx_word' id='word_1_189' title='bbox 527 2570 558 2617; x_wconf 87' lang='lat' dir='ltr'>v.</span> <span class='ocrx_word' id='word_1_190' title='bbox 582 2553 622 2614; x_wconf 83' lang='lat'>22</span> <span class='ocrx_word' id='word_1_191' title='bbox 644 2549 833 2638; x_wconf 76' lang='grc' dir='ltr'><em>γενομένη),</em></span> <span class='ocrx_word' id='word_1_192' title='bbox 856 2553 889 2618; x_wconf 88' lang='grc'>11</span> <span class='ocrx_word' id='word_1_193' title='bbox 911 2553 1013 2620; x_wconf 81' lang='lat' dir='ltr'>Fabio</span> <span class='ocrx_word' id='word_1_194' title='bbox 1036 2572 1112 2619; x_wconf 85' lang='lat' dir='ltr'>vero</span> <span class='ocrx_word' id='word_1_195' title='bbox 1135 2553 1184 2619; x_wconf 88' lang='lat' dir='ltr'>bis</span> <span class='ocrx_word' id='word_1_196' title='bbox 1206 2553 1344 2620; x_wconf 84' lang='lat' dir='ltr'>offendi:</span> 
     </span>
     <span class='ocr_line' id='line_1_24' title="bbox 191 2649 1342 2738; baseline 0 -19"><span class='ocrx_word' id='word_1_197' title='bbox 191 2657 265 2736; x_wconf 85' lang='grc'><strong>346,</strong></span> <span class='ocrx_word' id='word_1_198' title='bbox 279 2657 320 2717; x_wconf 78' lang='lat'>25</span> <span class='ocrx_word' id='word_1_199' title='bbox 342 2649 455 2738; x_wconf 85' lang='grc' dir='ltr'><em>γνώμη</em></span> <span class='ocrx_word' id='word_1_200' title='bbox 471 2656 589 2718; x_wconf 80' lang='grc' dir='ltr'><em>πίστιν</em></span> <span class='ocrx_word' id='word_1_201' title='bbox 604 2649 723 2734; x_wconf 70' lang='grc' dir='ltr'><em>ἔχουσα</em></span> <span class='ocrx_word' id='word_1_202' title='bbox 738 2689 779 2698; x_wconf 87' lang='grc'>-</span> <span class='ocrx_word' id='word_1_203' title='bbox 792 2658 900 2735; x_wconf 84' lang='grc' dir='ltr'><strong><em>κρίσις</em></strong></span> <span class='ocrx_word' id='word_1_204' title='bbox 914 2659 1031 2721; x_wconf 80' lang='grc' dir='ltr'><em>πίστιν</em></span> <span class='ocrx_word' id='word_1_205' title='bbox 1046 2653 1154 2736; x_wconf 73' lang='grc' dir='ltr'><em>ἔχοντι</em></span> <span class='ocrx_word' id='word_1_206' title='bbox 1169 2660 1200 2722; x_wconf 84' lang='grc'>61</span> <span class='ocrx_word' id='word_1_207' title='bbox 1215 2659 1288 2738; x_wconf 81' lang='lat'>355,</span> <span class='ocrx_word' id='word_1_208' title='bbox 1304 2659 1342 2719; x_wconf 80' lang='lat'>21</span> 
     </span>
     <span class='ocr_line' id='line_1_25' title="bbox 190 2751 1346 2842; baseline 0.001 -20"><span class='ocrx_word' id='word_1_209' title='bbox 190 2753 391 2842; x_wconf 86' lang='grc' dir='ltr'><em>χαλάζης-</em></span> <span class='ocrx_word' id='word_1_210' title='bbox 408 2751 516 2840; x_wconf 82' lang='grc' dir='ltr'><em>ζάλης.</em></span> <span class='ocrx_word' id='word_1_211' title='bbox 562 2755 680 2821; x_wconf 81' lang='lat' dir='ltr'>Contra</span> <span class='ocrx_word' id='word_1_212' title='bbox 701 2755 794 2820; x_wconf 88' lang='lat' dir='ltr'>verbi</span> <span class='ocrx_word' id='word_1_213' title='bbox 814 2757 988 2822; x_wconf 84' lang='lat' dir='ltr'>formarum</span> <span class='ocrx_word' id='word_1_214' title='bbox 1010 2761 1131 2824; x_wconf 88' lang='lat' dir='ltr'>temere</span> <span class='ocrx_word' id='word_1_215' title='bbox 1152 2761 1346 2823; x_wconf 79' lang='lat' dir='ltr'>mutaturum</span> 
     </span>
     <span class='ocr_line' id='line_1_26' title="bbox 189 2855 1345 2942; baseline 0 -16"><span class='ocrx_word' id='word_1_216' title='bbox 189 2859 224 2926; x_wconf 92' lang='grc'>11</span> <span class='ocrx_word' id='word_1_217' title='bbox 247 2862 381 2939; x_wconf 88' lang='lat' dir='ltr'>utraque</span> <span class='ocrx_word' id='word_1_218' title='bbox 402 2855 472 2922; x_wconf 87' lang='grc'><strong>1116</strong></span> <span class='ocrx_word' id='word_1_219' title='bbox 493 2856 619 2924; x_wconf 89' lang='lat' dir='ltr'>circiter</span> <span class='ocrx_word' id='word_1_220' title='bbox 636 2863 674 2922; x_wconf 84' lang='lat'>15</span> <span class='ocrx_word' id='word_1_221' title='bbox 689 2858 814 2942; x_wconf 93' lang='lat' dir='ltr'>repperi</span> <span class='ocrx_word' id='word_1_222' title='bbox 837 2858 996 2942; x_wconf 88' lang='lat' dir='ltr'>exempla.</span> <span class='ocrx_word' id='word_1_223' title='bbox 1033 2859 1101 2924; x_wconf 85' lang='lat' dir='ltr'>lam</span> <span class='ocrx_word' id='word_1_224' title='bbox 1116 2878 1192 2924; x_wconf 89' lang='lat' dir='ltr'>vero</span> <span class='ocrx_word' id='word_1_225' title='bbox 1214 2858 1247 2923; x_wconf 96' lang='lat' dir='ltr'>in</span> <span class='ocrx_word' id='word_1_226' title='bbox 1269 2858 1345 2926; x_wconf 90' lang='grc'><strong>11116</strong></span> 
     </span>
     <span class='ocr_line' id='line_1_27' title="bbox 191 2959 1345 3044; baseline -0.001 -17"><span class='ocrx_word' id='word_1_227' title='bbox 191 2961 271 3028; x_wconf 82' lang='grc'><strong>0111.</strong></span> <span class='ocrx_word' id='word_1_228' title='bbox 296 2993 334 3004; x_wconf 93' lang='lat'>·-</span> <span class='ocrx_word' id='word_1_229' title='bbox 359 2959 434 3025; x_wconf 92' lang='lat' dir='ltr'>Luc.</span> <span class='ocrx_word' id='word_1_230' title='bbox 465 2964 498 3024; x_wconf 89' lang='lat' dir='ltr'>et</span> <span class='ocrx_word' id='word_1_231' title='bbox 525 2959 559 3024; x_wconf 92' lang='lat' dir='ltr'>in</span> <span class='ocrx_word' id='word_1_232' title='bbox 587 2959 774 3044; x_wconf 87' lang='lat' dir='ltr'>fragmentis</span> <span class='ocrx_word' id='word_1_233' title='bbox 794 2959 865 3026; x_wconf 89' lang='lat' dir='ltr'>Nic.</span> <span class='ocrx_word' id='word_1_234' title='bbox 889 2994 929 3004; x_wconf 94' lang='lat'>-</span> <span class='ocrx_word' id='word_1_235' title='bbox 953 2959 1058 3026; x_wconf 80' lang='lat' dir='ltr'>Crass.</span> <span class='ocrx_word' id='word_1_236' title='bbox 1088 2959 1210 3025; x_wconf 93' lang='lat' dir='ltr'>nullum</span> <span class='ocrx_word' id='word_1_237' title='bbox 1238 2965 1345 3026; x_wconf 88' lang='lat' dir='ltr'>exstat</span> 
     </span>
     <span class='ocr_line' id='line_1_28' title="bbox 191 3059 1345 3146; baseline -0.002 -17"><span class='ocrx_word' id='word_1_238' title='bbox 191 3061 418 3144; x_wconf 88' lang='lat' dir='ltr'>testimonium,</span> <span class='ocrx_word' id='word_1_239' title='bbox 441 3080 504 3142; x_wconf 91' lang='lat' dir='ltr'>quo</span> <span class='ocrx_word' id='word_1_240' title='bbox 525 3060 763 3146; x_wconf 87' lang='lat' dir='ltr'>interpolatoris</span> <span class='ocrx_word' id='word_1_241' title='bbox 784 3059 941 3128; x_wconf 88' lang='lat' dir='ltr'>industria</span> <span class='ocrx_word' id='word_1_242' title='bbox 963 3059 1126 3144; x_wconf 86' lang='lat' dir='ltr'>efficiatur,</span> <span class='ocrx_word' id='word_1_243' title='bbox 1150 3079 1345 3145; x_wconf 88' lang='lat' dir='ltr'>quamquam</span> 
     </span>
     <span class='ocr_line' id='line_1_29' title="bbox 192 3161 1344 3249; baseline -0.001 -19"><span class='ocrx_word' id='word_1_244' title='bbox 192 3163 339 3231; x_wconf 88' lang='lat' dir='ltr'>codicum</span> <span class='ocrx_word' id='word_1_245' title='bbox 361 3161 531 3229; x_wconf 76' lang='lat' dir='ltr'>discidium</span> <span class='ocrx_word' id='word_1_246' title='bbox 553 3163 587 3228; x_wconf 93' lang='lat' dir='ltr'>in</span> <span class='ocrx_word' id='word_1_247' title='bbox 608 3163 648 3229; x_wconf 90' lang='lat' dir='ltr'>iis</span> <span class='ocrx_word' id='word_1_248' title='bbox 671 3180 798 3245; x_wconf 89' lang='lat' dir='ltr'>quoque</span> <span class='ocrx_word' id='word_1_249' title='bbox 824 3161 944 3247; x_wconf 90' lang='lat' dir='ltr'>optime</span> <span class='ocrx_word' id='word_1_250' title='bbox 966 3170 1110 3249; x_wconf 88' lang='lat' dir='ltr'>apparet.</span> <span class='ocrx_word' id='word_1_251' title='bbox 1155 3163 1191 3226; x_wconf 95' lang='lat' dir='ltr'>ln</span> <span class='ocrx_word' id='word_1_252' title='bbox 1212 3162 1344 3245; x_wconf 91' lang='lat' dir='ltr'>reliquis</span> 
     </span>
     <span class='ocr_line' id='line_1_30' title="bbox 192 3261 1344 3348; baseline 0 -18"><span class='ocrx_word' id='word_1_253' title='bbox 192 3265 332 3347; x_wconf 90' lang='lat' dir='ltr'>denique</span> <span class='ocrx_word' id='word_1_254' title='bbox 360 3265 435 3331; x_wconf 88' lang='grc'><strong>11116</strong></span> <span class='ocrx_word' id='word_1_255' title='bbox 464 3264 583 3332; x_wconf 90' lang='lat' dir='ltr'>codicis</span> <span class='ocrx_word' id='word_1_256' title='bbox 605 3265 655 3347; x_wconf 55' lang='lat' dir='ltr'>Fr,</span> <span class='ocrx_word' id='word_1_257' title='bbox 679 3283 812 3346; x_wconf 89' lang='lat' dir='ltr'>quarum</span> <span class='ocrx_word' id='word_1_258' title='bbox 841 3264 970 3346; x_wconf 91' lang='lat' dir='ltr'>quidem</span> <span class='ocrx_word' id='word_1_259' title='bbox 998 3265 1151 3332; x_wconf 86' lang='lat' dir='ltr'>lectiones</span> <span class='ocrx_word' id='word_1_260' title='bbox 1174 3261 1344 3348; x_wconf 84' lang='lat' dir='ltr'>degustare</span> 
     </span>
     <span class='ocr_line' id='line_1_31' title="bbox 190 3363 1344 3450; baseline -0.001 -16"><span class='ocrx_word' id='word_1_261' title='bbox 190 3367 311 3434; x_wconf 88' lang='lat' dir='ltr'>licebat</span> <span class='ocrx_word' id='word_1_262' title='bbox 332 3365 462 3448; x_wconf 77' lang='lat' dir='ltr'>(Timol.</span> <span class='ocrx_word' id='word_1_263' title='bbox 478 3401 520 3411; x_wconf 92' lang='lat'><em>-</em></span> <span class='ocrx_word' id='word_1_264' title='bbox 537 3366 627 3433; x_wconf 89' lang='lat' dir='ltr'>Aem.</span> <span class='ocrx_word' id='word_1_265' title='bbox 650 3367 755 3450; x_wconf 89' lang='lat' dir='ltr'>Paul.)</span> <span class='ocrx_word' id='word_1_266' title='bbox 776 3365 857 3432; x_wconf 93' lang='lat' dir='ltr'>nihil</span> <span class='ocrx_word' id='word_1_267' title='bbox 879 3366 973 3449; x_wconf 89' lang='lat' dir='ltr'>inest,</span> <span class='ocrx_word' id='word_1_268' title='bbox 997 3364 1084 3449; x_wconf 90' lang='lat' dir='ltr'>quod</span> <span class='ocrx_word' id='word_1_269' title='bbox 1105 3363 1188 3432; x_wconf 90' lang='lat' dir='ltr'>adeo</span> <span class='ocrx_word' id='word_1_270' title='bbox 1211 3366 1344 3433; x_wconf 90' lang='lat' dir='ltr'>crebrae</span> 
     </span>
     <span class='ocr_line' id='line_1_32' title="bbox 190 3467 843 3554; baseline 0 -18"><span class='ocrx_word' id='word_1_271' title='bbox 190 3467 448 3554; x_wconf 88' lang='lat' dir='ltr'>interpolationis</span> <span class='ocrx_word' id='word_1_272' title='bbox 470 3467 683 3553; x_wconf 90' lang='lat' dir='ltr'>suspicionem</span> <span class='ocrx_word' id='word_1_273' title='bbox 706 3479 843 3536; x_wconf 89' lang='lat' dir='ltr'>moveat.</span> 
     </span>
    </p>

    <p class='ocr_par' dir='ltr' id='par_1_6' title="bbox 190 3568 1344 4166">
     <span class='ocr_line' id='line_1_33' title="bbox 277 3568 1344 3652; baseline -0.001 -14"><span class='ocrx_word' id='word_1_274' title='bbox 277 3570 398 3650; x_wconf 82' lang='lat' dir='ltr'>Quodsi</span> <span class='ocrx_word' id='word_1_275' title='bbox 412 3570 537 3637; x_wconf 88' lang='lat' dir='ltr'>librarii</span> <span class='ocrx_word' id='word_1_276' title='bbox 551 3570 667 3637; x_wconf 89' lang='lat' dir='ltr'>inertia</span> <span class='ocrx_word' id='word_1_277' title='bbox 681 3569 762 3636; x_wconf 89' lang='lat' dir='ltr'>alias</span> <span class='ocrx_word' id='word_1_278' title='bbox 772 3571 856 3637; x_wconf 83' lang='lat' dir='ltr'>vitas</span> <span class='ocrx_word' id='word_1_279' title='bbox 864 3569 989 3638; x_wconf 86' lang='lat' dir='ltr'>foedius</span> <span class='ocrx_word' id='word_1_280' title='bbox 1004 3568 1187 3652; x_wconf 88' lang='lat' dir='ltr'>maculavit,</span> <span class='ocrx_word' id='word_1_281' title='bbox 1202 3568 1284 3637; x_wconf 87' lang='lat' dir='ltr'>alias</span> <span class='ocrx_word' id='word_1_282' title='bbox 1298 3569 1344 3638; x_wconf 91' lang='lat' dir='ltr'>le-</span> 
     </span>
     <span class='ocr_line' id='line_1_34' title="bbox 190 3671 1343 3758; baseline -0.003 -17"><span class='ocrx_word' id='word_1_283' title='bbox 190 3673 271 3758; x_wconf 89' lang='lat' dir='ltr'>nius,</span> <span class='ocrx_word' id='word_1_284' title='bbox 283 3673 365 3739; x_wconf 89' lang='lat' dir='ltr'>alias</span> <span class='ocrx_word' id='word_1_285' title='bbox 376 3673 505 3740; x_wconf 93' lang='lat' dir='ltr'>omnino</span> <span class='ocrx_word' id='word_1_286' title='bbox 517 3692 580 3738; x_wconf 93' lang='lat' dir='ltr'>non</span> <span class='ocrx_word' id='word_1_287' title='bbox 595 3671 710 3756; x_wconf 81' lang='lat' dir='ltr'>attigit,</span> <span class='ocrx_word' id='word_1_288' title='bbox 725 3673 832 3740; x_wconf 92' lang='lat' dir='ltr'>nescio</span> <span class='ocrx_word' id='word_1_289' title='bbox 847 3693 888 3739; x_wconf 92' lang='lat' dir='ltr'>an</span> <span class='ocrx_word' id='word_1_290' title='bbox 900 3671 975 3738; x_wconf 89' lang='lat' dir='ltr'>inde</span> <span class='ocrx_word' id='word_1_291' title='bbox 986 3689 1098 3736; x_wconf 85' lang='lat' dir='ltr'>ansam</span> <span class='ocrx_word' id='word_1_292' title='bbox 1112 3676 1256 3755; x_wconf 88' lang='lat' dir='ltr'>repetere</span> <span class='ocrx_word' id='word_1_293' title='bbox 1271 3691 1343 3756; x_wconf 94' lang='lat' dir='ltr'>pos·</span> 
     </span>
     <span class='ocr_line' id='line_1_35' title="bbox 190 3771 1343 3857; baseline 0 -15"><span class='ocrx_word' id='word_1_294' title='bbox 190 3773 346 3842; x_wconf 73' lang='lat' dir='ltr'>simus&#39;ad</span> <span class='ocrx_word' id='word_1_295' title='bbox 369 3773 612 3840; x_wconf 89' lang='lat' dir='ltr'>construendum</span> <span class='ocrx_word' id='word_1_296' title='bbox 634 3771 776 3840; x_wconf 92' lang='lat' dir='ltr'>ordinem</span> <span class='ocrx_word' id='word_1_297' title='bbox 798 3773 936 3842; x_wconf 85' lang='lat' dir='ltr'>vitarum</span> <span class='ocrx_word' id='word_1_298' title='bbox 949 3773 983 3839; x_wconf 92' lang='lat' dir='ltr'>in</span> <span class='ocrx_word' id='word_1_299' title='bbox 1003 3771 1178 3857; x_wconf 89' lang='lat' dir='ltr'>archetypo</span> <span class='ocrx_word' id='word_1_300' title='bbox 1193 3773 1343 3842; x_wconf 83' lang='lat' dir='ltr'>observa·</span> 
     </span>
     <span class='ocr_line' id='line_1_36' title="bbox 192 3874 1344 3962; baseline -0.003 -18"><span class='ocrx_word' id='word_1_301' title='bbox 192 3885 268 3944; x_wconf 90' lang='lat' dir='ltr'>tum.</span> <span class='ocrx_word' id='word_1_302' title='bbox 298 3877 424 3943; x_wconf 80' lang='lat' dir='ltr'>Etenim</span> <span class='ocrx_word' id='word_1_303' title='bbox 437 3878 464 3943; x_wconf 92' lang='lat' dir='ltr'>si</span> <span class='ocrx_word' id='word_1_304' title='bbox 475 3877 623 3962; x_wconf 91' lang='lat' dir='ltr'>ponimus</span> <span class='ocrx_word' id='word_1_305' title='bbox 638 3874 846 3960; x_wconf 85' lang='lat' dir='ltr'>archetypum</span> <span class='ocrx_word' id='word_1_306' title='bbox 860 3876 1012 3942; x_wconf 92' lang='lat' dir='ltr'>librorum</span> <span class='ocrx_word' id='word_1_307' title='bbox 1027 3874 1290 3959; x_wconf 84' lang='lat' dir='ltr'>interpolatorum</span> <span class='ocrx_word' id='word_1_308' title='bbox 1301 3911 1344 3923; x_wconf 95' lang='lat'><em>-</em></span> 
     </span>
     <span class='ocr_line' id='line_1_37' title="bbox 190 3976 1344 4062; baseline -0.002 -16"><span class='ocrx_word' id='word_1_309' title='bbox 190 3985 295 4046; x_wconf 86' lang='lat' dir='ltr'>utrum</span> <span class='ocrx_word' id='word_1_310' title='bbox 312 3980 400 4044; x_wconf 89' lang='lat' dir='ltr'>Xan</span> <span class='ocrx_word' id='word_1_311' title='bbox 415 3977 445 4042; x_wconf 92' lang='lat' dir='ltr'>Y</span> <span class='ocrx_word' id='word_1_312' title='bbox 458 3998 542 4044; x_wconf 93' lang='lat' dir='ltr'>nunc</span> <span class='ocrx_word' id='word_1_313' title='bbox 555 3977 588 4043; x_wconf 94' lang='lat' dir='ltr'>in</span> <span class='ocrx_word' id='word_1_314' title='bbox 610 3976 717 4044; x_wconf 91' lang='lat' dir='ltr'>medio</span> <span class='ocrx_word' id='word_1_315' title='bbox 740 3977 982 4062; x_wconf 90' lang='lat' dir='ltr'>relinquendum</span> <span class='ocrx_word' id='word_1_316' title='bbox 998 3982 1155 4043; x_wconf 87' lang='lat' dir='ltr'>—totum</span> <span class='ocrx_word' id='word_1_317' title='bbox 1170 3977 1212 4043; x_wconf 89' lang='lat' dir='ltr'>ab</span> <span class='ocrx_word' id='word_1_318' title='bbox 1229 3977 1344 4044; x_wconf 91' lang='lat' dir='ltr'>eodem</span> 
     </span>
     <span class='ocr_line' id='line_1_38' title="bbox 190 4079 1342 4166; baseline -0.002 -18"><span class='ocrx_word' id='word_1_319' title='bbox 190 4081 297 4148; x_wconf 87' lang='lat' dir='ltr'>scriba</span> <span class='ocrx_word' id='word_1_320' title='bbox 325 4082 503 4148; x_wconf 87' lang='lat' dir='ltr'>confectum</span> <span class='ocrx_word' id='word_1_321' title='bbox 527 4098 613 4163; x_wconf 90' lang='lat' dir='ltr'>esse,</span> <span class='ocrx_word' id='word_1_322' title='bbox 641 4101 775 4166; x_wconf 92' lang='lat' dir='ltr'>pronum</span> <span class='ocrx_word' id='word_1_323' title='bbox 798 4088 847 4148; x_wconf 90' lang='lat' dir='ltr'>est</span> <span class='ocrx_word' id='word_1_324' title='bbox 869 4080 1047 4148; x_wconf 83' lang='lat' dir='ltr'>coniectare</span> <span class='ocrx_word' id='word_1_325' title='bbox 1070 4098 1144 4145; x_wconf 91' lang='lat' dir='ltr'>eum</span> <span class='ocrx_word' id='word_1_326' title='bbox 1165 4085 1221 4146; x_wconf 85' lang='lat' dir='ltr'>aut</span> <span class='ocrx_word' id='word_1_327' title='bbox 1242 4079 1342 4164; x_wconf 90' lang='lat' dir='ltr'>initio,</span> 
     </span>
    </p>
   </div>
   <div class='ocr_carea' id='block_1_4' title="bbox 0 0 1598 4758">
    <p class='ocr_par' dir='ltr' id='par_1_7' title="bbox 0 0 1598 4758">
     <span class='ocr_line' id='line_1_39' title="bbox 0 0 1598 4758; baseline 0 0"><span class='ocrx_word' id='word_1_328' title='bbox 0 0 1598 4758; x_wconf 95' lang='lat' dir='ltr'> </span> 
     </span>
    </p>
   </div>
  </div>
 </body>
</html>
