3188 4758
655 275 868 334 ..11-

184 440 254 521 Quo
279 439 314 506 in
343 458 474 505 munere
502 438 683 524 proficiscar
705 459 725 506 a
746 440 870 507 familia
890 440 923 505 X
944 439 1033 507 cuius
1061 441 1335 525 praestantissima

183 561 328 629 propago
357 547 390 609 et
417 540 618 609 validissima
647 543 717 627 ipse
744 547 853 609 noster
880 541 1244 609 Scitenstettcnsis
1275 549 1333 626 est,

185 645 306 730 quippe
331 645 387 727 qui
413 644 651 727 integerrimam
678 653 711 710 et
732 643 942 710 clarissimam
969 644 1135 729 archetypi
1156 645 1188 710 X
1210 663 1335 729 reprac-

184 753 289 815 sentet
310 745 498 830 imaginem,
520 747 567 812 ita
589 754 623 813 ut
644 745 743 813 ceteri
764 747 859 813 huius
880 747 984 829 gentis
1006 744 1119 813 aflines
1141 751 1208 813 tum
1231 749 1335 814 solum

184 849 308 932 aliquid
323 855 496 935 praestent,
520 869 590 916 cum
607 847 879 916 Seitenstettensis
893 849 1047 916 memoria
1062 847 1188 916 defecit.
1209 885 1246 896 —·
1261 850 1337 915 Am-

184 951 344 1037 plitudine
366 970 476 1018 omnes
497 951 671 1018 familiares
693 957 823 1036 superat
838 950 941 1018 codex
955 951 1167 1018 Parisinus
1186 954 1266 1016 1676
1282 951 1336 1035 F⁸,

184 1051 298 1122 sedin
320 1052 360 1119 iis
375 1052 460 1136 vitis,
484 1072 567 1135 quae
588 1052 824 1138 interpolatoris
846 1058 1004 1120 tormenta
1024 1073 1087 1119 non
1108 1053 1335 1136 sustinuerunt,

185 1155 282 1223 facile
311 1155 379 1222 eius
407 1155 529 1222 auxilio
559 1173 713 1221 caremus.
737 1191 778 1202 —
802 1155 1001 1222 coniunctim
1024 1175 1095 1221 cum
1117 1154 1178 1222 boc
1200 1175 1336 1223 commc-

124 1264 127 1272 '
185 1256 333 1325 morandi
361 1256 425 1324 duo
454 1255 529 1323 libri
549 1255 662 1324 similis
684 1259 751 1323 fere
773 1257 890 1324 indolis
912 1257 997 1324 Par.
1021 1259 1104 1321 2955
1127 1258 1163 1342 L,
1188 1257 1243 1340 qui
1265 1276 1339 1324 con·

185 1361 266 1428 tinet
288 1361 365 1444 Lyc.
388 1396 430 1406 -
452 1359 546 1426 Ν66.
571 1359 636 1426 Sol.
658 1395 701 1407 -
722 1361 814 1426 Publ.
835 1359 931 1427 Arist.
954 1395 995 1406 —
1018 1358 1098 1443 (lat,
1119 1359 1189 1444 ipse
1212 1377 1340 1442 quoquc

184 1461 369 1548 aptissimus
401 1459 445 1528 ad
480 1460 686 1528 reficiendum
722 1461 865 1528 familiae
900 1461 1109 1547 archetypum
1145 1462 1178 1527 in
1211 1462 1336 1528 Seiteu·

185 1563 348 1631 stettensis
377 1563 514 1645 lacunis,
551 1569 583 1629 et
609 1564 694 1630 Par.
725 1568 803 1629 1677
828 1565 855 1629 P
876 1582 938 1645 quo
966 1564 1053 1632 vitae
1080 1564 1189 1647 Fabii,
1225 1565 1336 1632 mutilo

186 1665 316 1749 quidem
341 1665 449 1748 initio,
477 1665 547 1732 Nic.
571 1703 613 1712 —
635 1666 739 1733 Orass.
763 1664 878 1732 (loriol.
902 1701 943 1712 -
965 1667 1069 1733 Alcib.
1092 1667 1185 1733 Dem.
1211 1702 1248 1713 -
1273 1667 1338 1734 cic.

185 1770 283 1852 Ages.
314 1802 351 1812 —
381 1767 493 1852 Pomp.
522 1767 619 1834 Phoc.
647 1803 690 1814 -
717 1767 785 1834 (lat.
814 1767 888 1833 min.
918 1767 1104 1852 traduntur,
1133 1769 1226 1851 lugeo
1250 1767 1337 1851 quod

187 1867 338 1954 Sintenis,
361 1889 433 1936 cum
454 1866 552 1936 fidem
575 1869 643 1936 eius
664 1887 777 1952 parum
798 1869 1025 1954 perspexisset,
1050 1871 1146 1953 Ages.
1169 1875 1202 1936 et
1224 1871 1335 1955 Pomp.

186 1976 310 2038 tantum
332 1971 485 2038 lectiones
507 1970 674 2037 adnotavit
695 1971 728 2036 in
751 1970 908 2038 addendis
930 1972 993 2039 vol.
1010 1972 1068 2055 IV;
1093 1973 1210 2039 etenim
1225 1989 1336 2053 quam-

186 2092 283 2158 quam
304 2072 387 2139 liber
408 2073 442 2140 in
463 2073 539 2140 ritis
560 2073 629 2140 Alc.
652 2109 694 2120 -
716 2072 787 2140 Gor.
816 2073 908 2140 Dem.
931 2107 974 2119 -
996 2072 1060 2140 Oic.
1083 2073 1179 2140 Phoc.
1203 2109 1245 2119 -
1268 2072 1337 2140 (lat.

77 2223 92 2232 —
185 2175 304 2243 nullius
332 2181 427 2242 notae
455 2181 518 2258 est,
547 2173 672 2242 confido
702 2174 734 2240 in
756 2175 858 2241 Fabio
885 2175 1001 2243 Crasso
1023 2175 1119 2243 Nicia
1146 2176 1338 2244 familiarem

185 2277 256 2344 istis
277 2298 341 2345 non
362 2276 518 2361 imparem
541 2296 711 2344 evasurum
734 2296 812 2344 esse.
842 2315 884 2324 -
911 2278 1017 2344 Etiam
1045 2276 1175 2362 gravius
1198 2277 1338 2344 Sintenis

185 2379 390 2463 neglegentia
417 2380 540 2464 obstat,
569 2380 738 2463 quominus
761 2377 802 2445 dc
824 2379 934 2447 codice
956 2382 1038 2447 Par.
1064 2382 1144 2444 1672
1168 2380 1194 2445 Β
1218 2384 1339 2447 certum

185 2482 338 2550 iudicium
360 2482 515 2564 feramus,
538 2501 601 2566 quo
624 2500 735 2549 omnes
757 2483 844 2550 vitae
866 2483 1078 2566 continentur,
1103 2502 1174 2548 cum
1197 2481 1338 2548 enimin

187 2584 311 2652 circiter
332 2587 372 2647 26
388 2583 473 2667 ritis,
496 2584 543 2650 ΙΙΙ
559 2591 591 2650 61
611 2584 655 2650 IV
677 2583 819 2650 maxime
840 2584 1021 2668 voluminis,
1044 2583 1131 2650 haud
1153 2583 1199 2650 ita
1221 2602 1337 2666 magno

187 2705 260 2752 cum
286 2685 391 2752 fructu
418 2704 491 2751 cum
519 2686 727 2771 consuluerit,
757 2705 920 2768 nunquam
942 2685 1090 2752 adhibuit
1110 2685 1153 2751 ad
1175 2705 1231 2752 eas
1254 2686 1337 2753 vitas

187 2785 341 2872 edendas,
364 2787 553 2869 quibuscum
574 2788 667 2856 nobis
689 2807 740 2855 res
763 2795 820 2855 est.
864 2789 907 2854 At
928 2789 1090 2872 specimen
1111 2787 1285 2855 lectionum
1305 2789 1340 2854 in

187 2889 233 2956 IV
255 2889 319 2956 vol.
342 2888 539 2973 proditarum
559 2887 620 2971 (ad
642 2889 736 2973 Pab.)
764 2889 961 2957 demonstrat
989 2890 1050 2957 hac
1079 2891 1249 2982 saltemyin
1271 2891 1339 2957 vita

186 2991 363 3059 arctissime
392 2991 562 3059 cohaerere
591 3010 662 3057 cum
691 2991 729 3057 St
750 2993 799 3076 ΙΝ,
830 2999 863 3058 61
889 2992 1104 3077 suspicionem
1132 2997 1276 3074 movent,
1305 2990 1339 3057 in

187 3093 302 3162 ceteris
317 3111 444 3176 quoquc
458 3093 501 3158 ab
516 3093 628 3160 borum
642 3093 787 3177 partibus
802 3099 888 3161 stare
903 3094 1047 3161 codicem
1063 3094 1124 3174 B.¹)
1149 3129 1191 3140 -
1212 3095 1339 3175 Agmen

188 3195 317 3262 claudat
331 3193 556 3262 Marcianus
572 3197 644 3279 385,
660 3197 748 3262 cuius
764 3197 976 3283 cognitionem
991 3195 1094 3263 debeo
1110 3195 1260 3262 Michaeli
1274 3196 1295 3261 l.
1307 3195 1339 3279 l.,
1452 3277 1455 3286 .

189 3295 245 3377 qui
274 3295 308 3361 in
329 3296 425 3379 Agcs.
448 3331 489 3342 -
510 3297 621 3380 Pomp.
648 3298 746 3364 Arist.
769 3333 811 3344 -
833 3298 902 3365 (lat.
925 3299 1001 3384 Lyc.
1025 3333 1067 3346 -
1087 3297 1182 3364 Num.
1206 3295 1276 3362 Nic.
1297 3332 1341 3342 —

188 3396 294 3464 Orass.
316 3397 359 3464 ad
375 3397 512 3466 eundem
534 3400 653 3466 fontem
675 3399 758 3466 redit
772 3406 869 3483 atque
885 3401 923 3468 St
936 3401 986 3484 FP,
1009 3399 1043 3465 in
1058 3399 1172 3466 ceteris
1187 3396 1343 3464 familiam

187 3499 218 3565 Y
232 3499 383 3584 sequitur.
414 3499 566 3566 Eiusdem
582 3500 777 3568 condicionis
792 3521 863 3570 esse
878 3501 1004 3570 videtur
1020 3501 1240 3568 Vaticanus
1259 3504 1337 3566 1067

186 3609 316 3668 auctore
339 3602 455 3670 Oarclc
478 3602 631 3688 Graux²);
660 3603 719 3670 scd
747 3605 897 3687 quoniam
925 3625 967 3672 ne
990 3624 1086 3670 unam
1115 3602 1245 3690 quidem
1273 3604 1337 3670 lec·
1469 3593 1471 3598 ’

274 3789 299 3854 1)
322 3791 396 3842 certe
418 3787 578 3856 parcissima
600 3803 684 3857 grana
707 3789 845 3844 aSinteni
868 3788 967 3844 diffusa
990 3803 1023 3844 cx
1045 3789 1207 3845 lectionibus
1231 3788 1341 3844 Luculli

186 3871 252 3927 huic
269 3872 418 3942 suspicioni
434 3887 598 3944 magnopere
614 3873 720 3929 favent:
739 3874 775 3940 Il,
788 3879 845 3940 519,
864 3878 895 3928 31
914 3870 1145 3946 καταφεύγουσιν
1162 3875 1230 3929 B=
1242 3875 1274 3929 st
1287 3874 1339 3942 1³⁸3

188 3960 246 4025 632,
259 3961 290 4012 21
309 3953 527 4030 καταφράκτοις
543 3954 724 4025 κελεύσας-
737 3958 769 4015 St
781 3958 835 4027 F⁸;
854 3963 914 4025 616,
927 3962 957 4013 31
977 3956 1115 4026 διαδιδοὺς
1127 3984 1160 4005 =
1172 3959 1215 4027 St;
1234 3963 1292 4027 651,
1308 3963 1340 4014 23

186 4037 363 4100 κατακλύσαι
374 4067 408 4088 ==
419 4043 468 4099 F·.

273 4131 298 4195 2)
316 4129 387 4183 Anu.
407 4127 453 4184 dcs
472 4129 507 4186 61.
527 4129 574 4186 Gr.
596 4133 670 4196 1682,
687 4146 715 4200 p.
738 4133 784 4184 115
804 4132 832 4184 61
852 4133 909 4184 116.
