3188 4758
641 263 850 326 ..23-

256 433 326 513 162,
341 432 381 495 23
405 429 462 494 καὶ
485 427 683 515 ζυγομαχῶν.
725 435 750 464 ²

255 535 325 615 167,
341 534 446 598 9-10
461 523 610 618 μηδίζειν
625 527 703 608 τοὺς
719 529 1025 617 Λακεδαιμονίους,
1050 539 1193 617 praestat
1207 555 1320 603 vocem

168 632 356 718 maubsimo
377 635 444 700 ictu
464 633 646 718 praeditam
668 633 843 718 praemitti3
867 635 906 701 cf.
922 633 1019 701 etlam
1034 635 1186 720 apophth.
1202 637 1320 705 Lacon.

274 739 312 801 31
337 733 419 819 ἐμοῦ
440 733 561 818 μείζων
584 730 694 801 ελπ1*.
830 811 832 816 ,

255 842 382 921 171,10
404 833 449 923 μὴ
472 837 695 921 βουλομένους
718 829 847 914 αὐτοὺς.

254 942 380 1021 177,13
405 937 452 1015 εἷς
472 937 617 1026 Κύθηρα
639 989 807 1006 ......
830 934 1063 1024 ὑπεκθέσθαι,
1087 939 1194 1007 hiatus
1217 948 1250 1008 et
1272 942 1320 1007 la-

167 1061 249 1109 cuna
270 1061 343 1107 cum
365 1060 477 1107 rasura
497 1040 641 1108 indicant
663 1041 821 1108 excidisse
843 1040 981 1126 aliquid;
1006 1063 1048 1108 an
1070 1043 1192 1129 νῆσονῖ

254 1145 382 1226 181128
412 1135 561 1226 Euboicos,
596 1163 701 1210 nonne
729 1143 850 1227 optimo
879 1144 950 1210 iure
975 1164 1092 1212 nomen
1124 1144 1319 1212 rarissimum

167 1243 314 1328 (Suidas:
336 1239 443 1327 ὄνομα
464 1243 592 1329 κύριον)
614 1244 772 1312 usitatiori
793 1245 1042 1331 praeponimus?

255 1350 381 1430 181,14
405 1344 582 1431 ἐναντίοις,
606 1349 645 1414 cf.
668 1369 698 1414 v.
725 1352 763 1412 15
786 1349 973 1431 πολεμίοις.
1319 1403 1321 1406 .

255 1452 325 1533 183,
342 1453 382 1514 30
406 1447 576 1536 λειότητα,
599 1469 655 1515 cur
669 1449 908 1536 simplicitatem
930 1449 1113 1538 (λιτότητα)
1134 1450 1249 1537 papyri
1263 1449 1319 1516 ad-

165 1551 298 1618 miratus
321 1551 363 1618 sit
384 1571 441 1617 rex
463 1569 527 1616 non
549 1551 643 1617 facile
670 1551 875 1637 perspicitur3
904 1552 1037 1620 levitate
1064 1559 1173 1620 autem
1194 1552 1320 1635 insigne

165 1654 264 1720 fuisse
285 1651 361 1718 inde
383 1651 534 1736 colligas,
564 1653 649 1734 quod
672 1655 743 1720 usui
765 1660 834 1720 erat
855 1653 899 1720 ad
921 1654 1065 1721 chartam
1093 1661 1217 1722 vestem
1240 1661 1319 1722 stra·

166 1757 274 1840 gulam
296 1754 478 1837 texendam,
502 1757 540 1820 cl.
563 1756 644 1821 Plin.
668 1757 707 1822 N.
731 1757 770 1823 H.
793 1756 883 1839 XIII,
908 1761 944 1821 71
960 1774 1007 1838 sq.

255 1859 376 1940 185,1r
404 1856 624 1939 Νεκτανέβιόι
645 1877 663 1922 e
686 1879 764 1925 corr.

252 1960 379 2044 Pomp.
405 1962 476 2041 192,
495 1963 532 2023 16
556 1956 737 2037 ἐξεδέξατο.

254 2065 323 2144 194,
339 2065 380 2124 25
402 2059 643 2145 κοινώσεσθαις
668 2066 709 2127 30
732 2061 868 2126 πολλῶν
890 2053 1006 2127 ὄντων.

253 2166 358 2246 195,2
381 2161 466 2244 ἔχειν
489 2162 593 2249 ἔφηῆ
616 2165 647 2231 N
670 2183 806 2247 quoque.
855 2165 890 2226 17
915 2163 982 2227 τῶν
1004 2153 1142 2248 ὕστερον
1165 2159 1317 2248 ἀγώνων,

163 2256 234 2330 tior.
258 2265 311 2331 hio
331 2284 435 2348 acque
456 2265 673 2350 reponendum
699 2285 738 2331 ac
763 2268 838 2349 168,
869 2267 907 2328 16
936 2263 991 2330 ubi
1020 2271 1087 2330 tota
1114 2267 1189 2332 iam.
1219 2265 1250 2330 Χ
1272 2266 1318 2332 ni-

163 2369 269 2436 timur.
443 2419 445 2424 .

252 2474 323 2554 197,
340 2474 380 2536 30
403 2471 500 2536 πλεῖν
523 2467 571 2545 εἰς
593 2468 764 2558 Λιβύην*.

253 2575 323 2655 198,
339 2576 379 2637 20
403 2564 613 2657 ἀβελτερίας,
636 2573 697 2640 111
718 2595 759 2656 v,
781 2574 814 2638 in
837 2592 901 2661 quo
924 2569 1087 2640 exarando
1109 2593 1221 2640 omnes
1243 2572 1318 2638 libri

164 2675 327 2757 fluctuant,
353 2674 387 2740 in
410 2675 447 2741 St
469 2695 531 2741 uno
555 2694 682 2758 quoque
703 2674 774 2740 loco
796 2695 855 2759 per
878 2697 893 2739 ε
914 2675 1072 2759 1111111111,
1089 2681 1152 2741 est:
1174 2674 1267 2741 Publ.
1290 2695 1317 2742 c.

166 2781 185 2841 3
201 2776 260 2859 bis,
275 2777 345 2844 Per.
362 2797 388 2844 c.
401 2781 452 2859 38,
475 2777 555 2843 Fab.
571 2796 596 2841 c.
616 2781 642 2858 1,
666 2775 776 2859 (lomp.
800 2776 870 2843 Nic.
892 2783 925 2842 et
944 2775 1047 2842 Crass.
1063 2795 1090 2842 c.
1108 2782 1137 2858 5,
1161 2775 1316 2844 hocloco.

251 2879 300 2944 En
320 2881 394 2964 plus
410 2883 538 2944 centum
557 2876 769 2962 quadraginta
784 2878 847 2944 loci
863 2877 978 2960 quibus
993 2877 1032 2944 St
1046 2878 1202 2959 omnibus,
1226 2887 1317 2962 quot·

165 2984 244 3063 quot
264 2987 448 3064 servantur,
477 2979 568 3046 libris
590 2985 747 3064 praestat,
777 2986 810 3046 et
832 2980 947 3063 quibus
969 2978 1126 3064 imprimis
1148 2979 1317 3067 diligentia

164 3185 285 3252 tionum
308 3185 361 3250 vel
383 3203 479 3250 unam
501 3185 702 3252 coniecturae
724 3183 835 3250 deberi
856 3203 921 3249 non
935 3190 1042 3250 metuo
1057 3203 1098 3250 ne
1120 3184 1191 3266 quis
1213 3184 1316 3268 suspi-

165 3293 263 3371 cetur,
286 3287 341 3369 qui
362 3294 508 3353 naturam
532 3284 796 3370 consideraverit,
819 3284 1006 3369 praesertim
1029 3285 1141 3352 talium
1164 3285 1315 3370 locorum,

165 3390 281 3472 quibus
303 3388 448 3455 ordinem
469 3389 502 3454 in
524 3388 562 3454 st
584 3395 669 3455 recte
691 3387 842 3453 traditum
866 3386 1028 3467 videmus,
1052 3406 1124 3452 cum
1144 3387 1178 3452 in
1200 3387 1315 3454 ceteris
1393 3377 1398 3386 ’

164 3491 256 3558 libris
284 3491 374 3558 hiatu
407 3489 615 3556 offendamur.
665 3489 707 3554 st
735 3510 847 3574 parum
876 3488 1043 3573 probabile
1073 3494 1122 3555 est
1150 3489 1316 3558 librarium

164 3613 242 3659 suas
263 3593 364 3678 ipsius
379 3593 586 3676 coniecturas,
610 3611 729 3673 easque
745 3591 893 3677 optimas,
915 3597 1028 3676 postea
1043 3610 1150 3658 rursus
1165 3591 1315 3660 reiecisse

164 3703 198 3762 et
226 3695 402 3790 delevisse,
428 3693 464 3760 id
492 3694 579 3776 quod
608 3695 736 3780 saepius
764 3695 798 3760 in
828 3699 935 3760 nostro
964 3692 1044 3760 libro
1071 3695 1191 3759 lactum
1219 3701 1314 3765 esset.

165 3798 381 3882 Cognovimus
410 3796 506 3878 igitur
528 3795 823 3863 Seitenstcttensem
850 3815 914 3862 non
939 3794 1043 3861 solum
1073 3813 1151 3861 suae
1172 3795 1315 3864 familiae

163 3899 345 3985 praesidem
360 3918 441 3982 1111,
464 3896 522 3964 sed
537 3917 647 3965 omnes
661 3899 761 3964 libros
782 3898 971 3965 auctoritate
987 3902 1019 3962 et
1033 3895 1137 3981 pretio
1152 3916 1313 3981 superare.

250 4003 429 4084 Antequam
453 4007 561 4068 autem
583 4000 626 4066 ad
648 4006 771 4067 ceteros
787 4001 862 4065 tam.
878 3998 910 4064 X
925 3996 1052 4064 codices
1073 3997 1314 4082 perlustrandos

164 4125 217 4172 me
239 4111 400 4187 converto,
424 4100 465 4170 de
487 4102 673 4170 correcturis
689 4107 721 4169 11
742 4101 977 4169 adnotamentis
998 4098 1072 4167 libri
1093 4100 1194 4166 nostri
1214 4101 1315 4169 verba
