3188 4758
742 239 954 302 „60-

272 413 305 474 el
318 408 351 472 X
367 415 398 473 et
413 406 452 490 Y,
474 406 704 492 auctoritatem,
727 408 758 474 in
774 407 845 494 ipso
861 407 1001 474 omnium
1016 406 1189 493 archetypo
1212 407 1422 494 depravatum

271 508 380 592 fuisse,
403 514 435 576 et
456 510 588 577 arbitrio
611 510 730 578 inillis
753 510 969 594 emendatum,
992 530 1089 595 supro
1110 511 1346 596 proposuimus;
1371 511 1424 578 eui

272 611 444 695 suspicioni
466 634 506 680 ne
528 613 602 678 talis
624 612 753 695 quidem
782 614 870 680 loeus
899 613 1005 678 obstat
1026 613 1131 696 qualis
1154 614 1185 697 1,
1214 615 1287 697 276,
1304 616 1340 678 31
1366 613 1424 680 ubi

271 713 443 797 genuinam
458 716 625 782 lectionem
642 710 722 802 ἁλίᾳ
736 715 770 782 in
785 715 996 782 nobilioribus
1011 714 1100 781 libris
1115 714 1317 782 deturbatum
1332 715 1422 782 vide-

271 836 341 882 mus
356 816 388 882 in
404 809 557 904 ἆλβανίᾳ,
581 817 667 900 quod
683 825 820 886 erratum
836 838 877 885 ex
891 817 1018 902 ingenio
1033 817 1128 884 iaoila
1149 818 1305 901 repellere
1319 818 1425 903 potuit

272 918 488 1004 unusquisque
511 919 659 988 librarius
674 922 745 988 ooll.
762 924 834 1005 269,
851 923 900 988 26.
938 919 1009 986 Nisi
1024 939 1099 986 vero
1115 919 1213 986 alium
1229 919 1287 984 tibi
1301 919 1424 988 iontem

271 1019 391 1105 fingere
413 1022 515 1105 malis,
540 1022 594 1104 qui
617 1042 689 1089 oum
710 1029 888 1090 nostrorum
910 1021 1084 1108 archetypo
1106 1042 1169 1088 nou
1192 1022 1351 1090 cohaeret.

358 1123 429 1190 Hae
451 1130 558 1192 aulam
573 1125 640 1190 fere
662 1124 772 1209 figura,
797 1125 846 1193 oui
862 1125 1042 1193 absolutam
1063 1124 1158 1192 fidem
1174 1145 1236 1192 non
1252 1124 1424 1210 vindicem,

273 1243 384 1290 omnes
405 1224 506 1293 libros
529 1226 697 1312 oompleobi
719 1227 797 1294 mihi
818 1227 945 1294 videor:

861 1515 1034 1586 Archetypus

360 3679 457 3746 Cuius
481 3673 691 3761 explicandae
714 3694 811 3741 eausa
833 3693 937 3758 pauca
957 3672 1077 3740 addere
1099 3691 1230 3739 neeesse
1252 3678 1310 3738 est.
1333 3765 1334 3768 Ἴ

364 3785 390 3846 1.
428 3779 544 3846 luterl
565 3784 597 3844 et
612 3778 643 3842 II
659 3780 699 3842 52
721 3777 783 3843 looi
805 3774 943 3860 corrupti
965 3781 1045 3858 sunt,
1069 3775 1184 3858 quibus
1199 3775 1245 3860 Sg
1266 3795 1330 3840 uua
1352 3794 1424 3840 oum

275 3885 308 3950 X
329 3882 486 3964 integram
509 3878 647 3948 auctoris
669 3899 798 3946 manum
819 3877 982 3960 retinuiffl)

360 4037 384 4100 1)
402 4031 437 4087 of.
455 4031 533 4086 Fuhr
549 4031 592 4088 od.
610 4031 661 4098 Ag.
679 4033 707 4086 et
730 4029 829 4084 Oleum.
855 4027 970 4099 append.
989 4045 1016 4097 p.
1037 4034 1094 4084 173.

361 4123 386 4186 2)
405 4123 431 4173 et
451 4117 480 4172 in
503 4116 536 4172 iis
558 4116 693 4185 capitibus
719 4115 785 4186 Lyo.
810 4119 838 4170 et
861 4115 967 4185 Pauo,
992 4130 1062 4184 quas
1083 4114 1111 4168 in
1134 4113 1166 4169 st
1188 4112 1328 4184 deperdita
1350 4117 1424 4183 sunt,
