3188 4758
649 311 693 380 ⁴-
737 280 861 342 21-

181 448 286 511 tnram
308 443 391 512 inter
412 445 516 514 lineas
539 445 577 512 St
596 445 770 532 adiectum,
797 466 880 530 quae
902 469 944 516 ex
966 449 1086 535 optimo
1107 449 1195 518 fonte
1217 450 1333 520 bansta
1422 471 1425 480 ·

181 551 230 613 est
252 543 306 628 (ef.
322 545 459 632 infrap.
476 546 542 633 25),
564 548 706 632 resipere
728 569 792 616 non
815 549 949 618 haesito.

266 648 387 715 Arist.
409 649 452 732 H,
471 654 540 731 161,
560 654 597 712 15
619 655 836 736 Συρακοσίου.

268 753 337 833 163,
354 753 394 816 20
416 745 707 818 ὑπεναντιοῦσθαι
722 751 817 838 παρὰ
831 751 999 842 γνώμην*;
1028 753 1193 821 eommode
1209 754 1332 823 hiatum
1425 834 1434 851 Ι

180 851 296 918 tollunt
308 856 340 919 et
351 851 542 920 sententiam
563 855 694 940 explent
712 855 813 922 verba
831 879 868 920 ιι.
882 877 929 940 y.;
947 875 1023 922 nam
1042 861 1207 922 enarratur
1218 856 1331 924 Aristi·

179 953 254 1021 dem
265 954 426 1020 interdum
437 953 646 1023 Themistocli
656 956 852 1040 refragatum
864 977 935 1025 esse
947 957 1044 1024 etiam
1054 957 1208 1024 salutaria
1218 959 1333 1026 ferenti

178 1063 347 1140 praeter
361 1054 611 1141 opinionem,
633 1059 766 1141 βέλτιον
780 1055 959 1145 ἡγούμενος
973 1059 1162 1145 παρελθεῖν
1177 1058 1250 1126 ἐ’νια
1264 1063 1332 1126 τῶν

180 1156 420 1246 συμφερόντων
441 1155 541 1241 nul-¹)

269 1263 338 1343 169,
355 1265 395 1326 30
423 1262 522 1326 τοῦτο
551 1281 612 1328 om.
657 1261 794 1330 libenter
821 1262 1082 1330 molestissimum
1112 1263 1332 1348 profundimus

179 1361 442 1428 additamentum.

267 1467 338 1548 171,
355 1469 391 1528 11
416 1460 484 1550 πρὸ
508 1466 566 1552 τῆς
588 1462 694 1552 μάχης
715 1469 996 1553 καθιερευθῆναι,
1019 1487 1049 1534 v.
1065 1464 1132 1553 πρὸ
1156 1492 1186 1533 τ.
1201 1492 1246 1551 μ.,
1270 1469 1331 1536 etsi

177 1586 242 1633 non
256 1565 466 1650 desideratur,
488 1571 595 1633 tamen
611 1568 788 1635 sententiae
802 1575 879 1654 apta
893 1569 1037 1653 videtur;
1060 1571 1098 1636 ef.
1112 1569 1224 1638 Them.
1240 1591 1268 1638 ε.
1283 1577 1330 1638 13.

180 1666 274 1734 Certe
295 1667 477 1736 nonrideo
506 1688 562 1735 enr
582 1670 754 1753 genuinam
777 1671 930 1756 originem
958 1670 1157 1738 dubitatione
1180 1673 1330 1757 perstrin-

180 1788 303 1853 gamus.
343 1772 383 1834 28
407 1768 539 1858 φράσαι
559 1771 708 1856 βασιλεῑ;
730 1773 922 1839 Plutarchus
944 1773 1011 1840 lere
1028 1773 1197 1840 Persarum
1218 1795 1328 1858 regem

180 1873 249 1938 solo
272 1891 341 1939 voe.
363 1869 521 1955 βασιλεὺς
549 1871 729 1956 significare
755 1874 935 1958 consuevit,
964 1895 1028 1941 non
1050 1874 1161 1942 addito
1184 1876 1330 1960 articulo,

180 1975 219 2040 ef.
235 1973 261 2056 I,
277 1977 349 2056 231,
365 1978 415 2041 31.
437 1978 509 2058 233,
525 1978 544 2037 2
557 1981 627 2058 eta,
642 1975 763 2060 passim
778 1974 811 2042 in
826 1976 994 2060 Agesila0;
1011 1983 1044 2043 et
1058 1975 1214 2060 imprimis
1228 1979 1329 2045 verbu

178 2074 343 2143 simillima
364 2078 478 2144 Them.
495 2080 567 2162 235,
584 2081 624 2142 25
648 2074 787 2164 φράζειν
807 2077 942 2160 βασιλεῖ
962 2076 1130 2155 κελεύσας.
1388 2089 1392 2096 “

267 2183 372 2263 177,9
394 2175 481 2262 πρὸς
503 2199 565 2246 om.

267 2283 338 2365 178,
353 2283 391 2345 21
419 2278 603 2364 αἰρόμενος,
627 2280 809 2363 (iquoque.

267 2387 337 2467 182,
354 2387 393 2447 27
416 2386 655 2466 μαχουμένους.
702 2385 742 2446 29
766 2381 814 2461 εἰς
836 2380 915 2460 τοὺς
936 2382 1065 2449 Λακεό.
1089 2382 1114 2450 (λ
1137 2402 1273 2467 quoque.

266 2487 336 2570 183,
352 2487 394 2549 29
416 2483 453 2550 τὸ
478 2487 600 2550 Πτῶον
621 2483 698 2550 vide
719 2484 874 2552 Hereheri
896 2485 1168 2554 commentarium.

267 2590 369 2669 184,1
395 2583 438 2672 μὴ
461 2587 654 2670 βουλομένῳ
697 2606 741 2653 se.
765 2583 930 2671 ἐμβαλεῖν.

267 2693 337 2773 186,
353 2692 393 2754 30
416 2685 503 2773 πρὸς
523 2686 601 2764 τοὺς
626 2686 826 2773 βαρβάρους.

267 2792 389 2873 187,10
413 2781 547 2867 οὐδενὸς
569 2793 672 2872 θέμις
695 2787 801 2874 ierim
824 2793 863 2858 of.
886 2813 917 2858 v.
935 2795 984 2858 13.

265 2891 345 2959 ont.
372 2895 448 2978 194,
470 2896 511 2956 24
544 2889 764 2962 παντάπασιν
793 2885 1000 2978 ἀγωνιστῶν,
1033 2893 1130 2960 miror
1163 2893 1218 2976 qui
1250 2892 1331 2961 haee

176 2994 439 3081 splendidissima
466 2993 562 3060 leetio
591 2992 789 3060 Hereherum
819 2995 952 3081 fugerit3
988 3016 1063 3061 nam
1090 3015 1174 3061 nune
1201 2995 1330 3062 demum

175 3098 393 3184 intellegimus
409 3116 471 3178 quo
486 3096 556 3162 inre
570 3117 601 3163 v.
615 3093 837 3162 παντάπασιν
852 3097 957 3164 loeum
973 3099 1125 3165 obtineat.
1162 3097 1329 3178 Quomodo

110 3192 112 3196 ’
177 3199 262 3267 enim
277 3199 408 3267 Catonis
424 3199 561 3265 maiores
582 3197 742 3265 omnino
765 3197 897 3282 ignoti
919 3198 983 3266 diei
997 3207 1138 3284 possunt,
1162 3220 1233 3266 eum
1248 3199 1328 3267 Cato

177 3301 248 3385 ipse
270 3308 395 3386 patrem
418 3307 450 3367 et
464 3319 620 3384 proavum
642 3299 830 3384 praedicet?
865 3300 967 3368 Immo
989 3301 1103 3385 proavi
1125 3321 1197 3368 eum
1220 3321 1329 3369 omnes

178 3403 494 3470 bellicosissimi
516 3402 678 3469 exstitisse
692 3400 852 3485 videntur,
874 3409 941 3468 tum
956 3403 1130 3488 praecipue
1151 3403 1232 3470 istos
1247 3402 1328 3470 duos

175 3510 308 3591 propter
322 3505 480 3590 insignem
495 3501 713 3572 fortitudinem
727 3503 873 3570 laudavit
888 3503 977 3571 cato.
1011 3505 1074 3584 oui
1090 3525 1110 3571 a
1125 3524 1177 3570 me
1192 3504 1329 3572 dissidet

173 3609 322 3676 immutet
343 3627 475 3674 neeesse
498 3613 547 3674 est
569 3599 677 3682 ἄλλως
699 3624 724 3672 s.
740 3601 782 3670 τά
804 3604 864 3689 μὲν
888 3599 973 3670 ἄλλα
996 3597 1184 3692 ἀγνώστων.

265 3711 335 3794 194,
350 3711 390 3772 29
414 3705 448 3773 ἐκ
470 3709 529 3774 τοῦ
551 3707 723 3794 δημοσίου.
783 3701 784 3710 ’

264 3814 334 3894 196,
351 3815 370 3877 6
392 3807 643 3896 nabusabaru

266 3915 391 3998 199,13
413 3911 687 3995 μαλασσομένους
708 3905 776 3976 ὑπὸ
800 3912 866 3976 τῶν
888 3904 940 3998 rid.

266 4134 290 4198 1)
308 4129 343 4186 ei.
362 4131 442 4186 etiam
460 4131 594 4202 Sauppe
614 4130 684 4186 ortt.
706 4127 762 4185 Gal.
781 4113 850 4184 Ανιτ.
871 4133 935 4186 usto
953 4145 981 4200 p.
1001 4133 1075 4187 loos.
