3188 4758
763 239 974 300 ..42-

291 407 401 500 'aetate
431 406 622 474 antecedere
651 427 744 475 nemo
773 405 890 492 nesoit;
927 407 1157 491 coniungamns
1190 404 1288 489 igitur
1321 411 1444 474 remoto
1559 479 1560 484 ρ

291 529 324 576 ν.
343 509 579 596 Θαργηλιῶνος
600 529 705 577 rerum
726 510 895 596 scriptores
918 529 989 576 cum
1011 507 1170 576 sententia
1191 509 1270 592 περὶ
1291 504 1333 593 ἢν
1356 505 1446 574 δοκεῖ

202 693 206 702 1
291 613 346 678 καί
369 609 407 677 τὸ
425 605 530 678 Ἴλιον
554 606 691 678 ἁλῶναι.
728 613 796 678 lom
811 631 888 679 vero
903 612 965 678 utri
979 612 1121 698 palmam
1136 609 1247 678 demus
1261 609 1443 695 Phylarcho

291 735 333 780 an
356 713 504 782 hlalaco?
533 715 639 781 Primo
662 715 773 782 obtutu
796 734 834 782 eo
855 714 988 782 inclinat
1009 711 1168 780 sententia
1188 718 1223 778 ut
1244 712 1402 779 Malacam
1422 734 1444 779 a

290 816 463 884 Plutarcho
476 815 602 884 landari
617 816 815 901 arbitremur,
831 816 950 901 quippe
963 815 1026 899 qui,
1042 813 1286 888 obscurissimus
1299 815 1443 898 scriptor,
1560 839 1561 856 ν

291 919 430 985 librariis
445 918 501 986 vix
516 925 609 986 notus
624 919 728 1002 fuerit,
752 939 823 985 oum
838 917 1012 1003 Phylarohi
1026 937 1143 986 nomen
1164 916 1285 1003 possim
1300 921 1443 984 occurrat

291 1020 377 1106 apud
393 1020 608 1088 Plutarchum.
652 1021 737 1088 Num
752 1020 896 1087 Malacns
918 1021 1046 1088 omnino
1070 1020 1111 1088 de
1133 1020 1185 1086 Ilii
1207 1018 1442 1105 expugnatione

291 1123 392 1190 verba
412 1123 523 1190 fecerit
545 1123 744 1208 ignoramus,
773 1122 917 1190 sednon
939 1121 1112 1190 absurdum
1135 1129 1184 1200 est
1205 1121 1350 1189 conicere
1371 1141 1442 1188 cum
1561 1201 1562 1204 ρ

290 1225 324 1290 in
346 1224 428 1290 libro
450 1223 492 1291 de
513 1229 663 1312 Σιφνίων
685 1216 786 1312 ὥροις
809 1225 939 1309 (hldller
953 1227 989 1294 P.
1007 1226 1048 1292 H.
1071 1224 1110 1291 G.
1133 1225 1187 1309 IV,
1210 1225 1287 1308 442)
1310 1223 1441 1309 Ephesii

291 1334 323 1394 et
345 1325 446 1394 Samii
467 1325 672 1413 inducantur,
703 1327 820 1394 Troiae
850 1346 976 1413 quoque
1004 1327 1196 1396 mentionem
1220 1327 1338 1394 factam
1362 1346 1438 1394 esse.

290 1430 437 1496 Ceterum
459 1450 500 1496 ne
522 1429 564 1498 de
581 1430 762 1516 Phylarcho
785 1429 913 1512 quidem
938 1431 1139 1515 exploratum
1162 1430 1318 1497 habemns
1338 1449 1440 1514 neque

290 1532 358 1599 veri
373 1531 476 1597 simile
493 1537 542 1600 est
557 1553 639 1615 enm,
662 1551 726 1616 qua
741 1537 810 1598 erat
823 1533 1027 1619 neglegentia
1044 1531 1097 1617 (ci.
1114 1534 1197 1599 Plut.
1213 1533 1325 1598 Them.
1341 1552 1368 1600 c.
1385 1531 1438 1615 32)

289 1638 437 1700 accurate
466 1635 627 1702 rettulisse
650 1653 712 1718 quo
735 1654 869 1702 mense
892 1635 990 1702 Troia
1017 1634 1180 1702 interierit.
1223 1633 1297 1720 271,
1313 1637 1353 1698 25
1376 1633 1439 1718 μά-

290 1735 388 1801 λιστα
411 1727 635 1822 ἀποφράδων,
660 1739 700 1802 28
723 1735 783 1819 μὲν
806 1721 873 1802 οὖν.
916 1737 1047 1822 272,12
1069 1731 1111 1801 τὰ
1134 1736 1170 1802 δὲ
1192 1739 1251 1823 τῆς
1268 1732 1438 1816 Ἑστίαςῒ,

292 1844 329 1902 14
351 1835 389 1904 τὸ
413 1838 558 1924 πῦρἨ),
584 1843 621 1904 17
642 1837 702 1904 σύν
723 1865 790 1905 τινι
810 1837 948 1928 κινήσει.
991 1839 1123 1926 273,12
1146 1832 1376 1928 ἀποχώρησιν,
1399 1845 1434 1906 21

287 1933 526 2026 Ἀλβινίουῒδ)
575 1940 649 2025 274,
667 1945 708 2008 28
738 1939 917 2029 ἒφόρουνῒ.
967 1942 1103 2027 275,12
1132 1941 1436 2029 προσδιέφθειραν,

289 2048 329 2110 25
361 2035 491 2130 ἆνδρός.
535 2043 644 2126 277,2
666 2047 846 2128 θρέψασα,
877 2037 1015 2112 dodaci
1037 2043 1079 2111 τὰ
1102 2042 1208 2131 ὅπλα,
1237 2049 1254 2108 7
1281 2037 1373 2131 οὐδὲ,
1398 2050 1433 2112 21

289 2145 449 2224 ἑκούσιος.
491 2145 623 2228 278,12
645 2148 864 2228 πεισομένωνι
907 2146 1016 2230 2724
1040 2145 1221 2234 ἐλλείπειν,
1252 2152 1290 2214 13
1314 2146 1437 2236 ἐμφυό-

268 2273 399 2334 ·μενοι,
422 2254 463 2314 25
486 2246 620 2336 ἔφοδον.
656 2247 731 2331 2811,
747 2252 765 2312 3
783 2245 899 2333 ἔωσεν,
923 2253 942 2312 6
959 2251 1017 2338 τῆς
1031 2248 1170 2338 τόλμης,
1193 2255 1211 2314 7
1229 2248 1435 2338 ἐκφυγόντες,

292 2359 326 2418 11
343 2350 548 2438 συνήνεγκαν.
578 2349 651 2434 281,
669 2353 836 2432 5χρυσίου
852 2353 1067 2438 καταβαλεῖν,
1086 2358 1125 2418 12
1142 2345 1435 2439 ἆποδυσάμενοςῒ,

290 2460 329 2519 15
352 2456 451 2519 τοῦτο
474 2452 544 2536 μὲν,
568 2473 630 2520 om.
652 2453 718 2517 καί.
761 2449 871 2534 2825
896 2451 929 2518 c’c'
947 2477 997 2538 τι,
1028 2457 1261 2542 9προῆλθον,
1292 2461 1329 2522 31
1355 2455 1435 2522 εἰσε-

289 2553 466 2630 λαύνοντος
489 2546 600 2620 αὐτοῦ.
643 2552 753 2638 283,2
776 2552 971 2641 δακρύοντες
992 2551 1059 2624 ὑπὸ
1083 2559 1141 2642 τῆς
1163 2557 1337 2647 παρούσης
1358 2553 1435 2648 ἡδο·
1565 2597 1566 2602 1

289 2659 390 2745 νῆςῒ,
413 2657 573 2725 neminem
595 2657 744 2725 lacrimae
768 2656 919 2728 effudisse
941 2659 1061 2744 audivi,
1085 2661 1161 2743 quia
1180 2664 1276 2728 rebus
1290 2660 1435 2729 secundis

289 2760 513 2828 diffidebat
540 2752 711 2846 (ἀπιστίᾳ)
738 2759 796 2826 sed
828 2781 925 2846 prae
952 2763 1088 2849 gandio;
1121 2783 1240 2831 vanum
1268 2764 1364 2846 igitur
1390 2763 1434 2830 in·

289 2872 338 2931 ter
369 2864 587 2950 polementnm
620 2861 767 2929 existimo
795 2883 826 2928 v.
860 2855 1014 2952 ιἰπιστίφ.
1065 2872 1083 2931 5
1113 2857 1351 2950 ἀνασωζόμενα
1382 2866 1434 2932 καὶ

287 2969 513 3054 κεκοσμημένα
521 2966 552 3046 †,
579 2963 665 3064 quod
687 2964 878 3031 vocabulum
900 2987 1028 3051 prorsus
1049 2973 1125 3053 apte
1146 2967 1224 3034 addi
1246 2988 1374 3054 oenseo;
1400 2972 1434 3033 16

288 3065 334 3147 ὥς
357 3069 487 3154 δὲκαὶ,
510 3072 551 3133 22
574 3063 676 3144 αὖθις
699 3058 1002 3154 ἀποστρεφόμενοι.
1045 3067 1151 3154 284,1
1178 3061 1312 3146 οὐδενὸς
1337 3065 1435 3157 ὑπερ·

286 3170 464 3256 βαλόντος,
494 3176 513 3234 5
536 3172 669 3255 Νομᾶς,
700 3173 719 3236 8
741 3167 946 3252 θεμελιώσει
972 3175 1033 3237 τοῦ
1054 3173 1285 3239 Καπιτωλίου.
1328 3173 1434 3258 285,5

288 3271 375 3361 πρὸς
396 3271 433 3339 τὸ
458 3271 568 3358 ἔργον,
598 3276 638 3337 22
662 3266 708 3349 ὦς
729 3263 894 3358 κάκεῖνος,
923 3277 963 3338 23
987 3271 1103 3360 ἐπειδὴ
1128 3272 1174 3340 δὲ.
1217 3273 1328 3360 286,2
1355 3267 1435 3340 Ma‘-
1522 3348 1528 3362 Ι

287 3377 403 3459 κιονί,
426 3375 556 3443 minime
577 3373 666 3441 caeni
687 3373 792 3439 tribuo
815 3373 901 3456 quod
922 3375 957 3442 in
978 3375 1009 3440 X
1032 3377 1148 3445 montis
1170 3398 1286 3445 nomen
1301 3375 1435 3444 Μάκιον

287 3473 440 3564 seriptum
463 3483 521 3562 est,
544 3495 639 3559 quem
662 3474 824 3542 Diodorus
847 3476 976 3559 quidem
998 3477 1155 3566 Μάρκιον
1176 3481 1328 3548 nominat.
1350 3481 1435 3564 XIV,

289 3585 359 3647 117.
390 3580 455 3647 Sed
469 3579 541 3646 Liv.
558 3579 610 3662 vl,
626 3581 645 3642 2
661 3576 736 3642 libri
750 3577 905 3646 exhibent
923 3574 1081 3664 ‘mecium,
1104 3581 1244 3666 metium,
1268 3576 1436 3667 mestium’,

287 3682 403 3766 quibus
425 3681 534 3748 formio
555 3681 644 3746 nisus
659 3678 808 3762 Sigonius
823 3701 938 3750 nomen
953 3684 1110 3752 Maecium
1125 3721 1167 3731 -
1181 3684 1287 3768 gentis
1310 3705 1436 3769 quoque

263 3836 265 3840 .
287 3804 402 3852 nomen
425 3783 630 3868 -reposuit
659 3781 809 3866 idemque
837 3784 1049 3872 Weeeelingio
1078 3787 1270 3854 adversante
1294 3787 1435 3854 Diodoro

286 3885 436 3954 reddidit.
486 3884 576 3964 Quae
607 3886 789 3956 coniectura
816 3888 933 3956 nostris
961 3889 1052 3956 libris
1085 3887 1301 3975 confirmatur,
1333 3909 1438 3974 neque

286 3990 488 4001 ———-·

373 4025 397 4088 l)
415 4020 450 4075 oi.
470 4035 553 4090 supra
570 4038 597 4090 p.
619 4027 659 4078 19.

374 4110 400 4174 2)
418 4105 453 4162 cl.
471 4121 533 4176 pag.
555 4110 594 4162 19.
